2984 5054
204 331 270 396 824
568 331 947 398 ANNOTATIONES

205 496 272 564 drae
286 518 408 577 vocem,
422 496 464 563 ad
483 498 566 564 latus
584 521 678 564 suum
699 522 719 565 a
739 499 848 565 dolosa
862 499 1104 589 Clytaemnestra
1124 499 1305 566 interfecte.

206 601 289 665 Haec
302 599 401 686 igitur
414 614 462 665 est
476 600 648 667 Homerica
664 601 708 666 rei
730 602 877 681 narratio,
892 624 988 689 quam
1004 601 1177 691 AEschylus
1198 602 1307 667 multis

205 701 308 767 modis
321 701 510 768 immutavit.
554 702 726 792 AEscbylus
739 705 822 770 enim
836 704 1012 792 Iphigenia
1027 704 1211 769 mactatione
1227 703 1304 793 Cly-

205 817 427 881 taemnestram,
444 819 482 869 ut
495 805 642 870 maritum
659 805 867 884 ulcisceretur,
882 807 1037 872 incensam
1052 829 1118 872 esse
1137 805 1303 895 perhibet,

204 904 286 970 banc
308 921 414 970 autem
437 905 576 971 fabulam
600 908 762 973 Homerus
786 930 914 995 prorsus
941 908 1073 996 ignorat
1132 907 1306 996 AEschylus

204 1008 453 1094 Agamemnonis
474 1008 610 1074 reditum
632 1009 674 1077 ab
695 1009 886 1085 excubitore,
909 1009 961 1075 cui
983 1010 1224 1097 Clytaemnestra
1244 1009 1305 1075 boc

202 1110 364 1199 negotium
380 1111 527 1188 dedisset,
541 1112 699 1177 observari
712 1113 821 1200 lingit:
851 1114 1012 1177 Homerus
1025 1112 1067 1178 ab
1082 1112 1223 1200 AEgisthi
1237 1135 1305 1200 spe-

202 1215 342 1279 culatore
367 1214 501 1301 pecunia
526 1213 566 1277 ad
591 1236 661 1278 eam
686 1236 751 1279 rem
779 1214 944 1279 conducto.
989 1215 1162 1301 AEscbylus
1185 1214 1303 1280 caedem

203 1316 452 1403 Agamemnonis
465 1314 498 1380 in
513 1315 612 1402 ipsius
626 1315 748 1380 aedibus
758 1330 967 1404 perpetratam
982 1316 1129 1395 ostendit,
1142 1318 1305 1382 Homerus

202 1431 311 1483 contra
331 1419 365 1482 in
387 1418 529 1506 AEgisthi
551 1419 645 1484 domo
667 1419 802 1484 occisum
827 1441 893 1483 csse
915 1432 1031 1484 narrat.
1075 1418 1248 1505 AEschylus
1270 1419 1303 1483 in

201 1519 324 1602 balneo,
347 1519 498 1607 singulari
519 1520 658 1608 quodam
680 1534 910 1608 strategemate,
934 1519 1059 1586 indusio
1080 1520 1195 1587 scilicet
1215 1520 1303 1608 quod

200 1623 338 1688 manicas
358 1644 423 1687 non
442 1621 572 1687 baberet
591 1620 747 1687 irretitum
765 1621 864 1708 ipsius
878 1621 1128 1709 Clytaemnestrae
1142 1645 1237 1688 manu
1252 1647 1303 1688 oc

56 1780 60 1793 .
200 1724 299 1790 cisum
311 1750 321 1807 ς
359 1727 522 1791 Homerus
549 1737 656 1791 autem
680 1723 762 1789 inter
784 1722 964 1790 convivium
989 1724 1031 1789 ab
1057 1724 1178 1791 deleam
1205 1747 1302 1790 manu

200 1842 393 1892 armatorum
422 1849 460 1892 ex
490 1825 610 1890 insidiis
638 1825 886 1891 circumventum
914 1849 981 1892 esse
1009 1826 1095 1893 dicit.
1144 1827 1303 1893 Pindarus

201 1928 299 2016 Pyth.
315 1949 365 2007 11,
381 1930 433 2008 26,
449 1930 719 2014 Agamemnonem
734 1951 754 1994 a
769 1927 1009 2017 Clytaemnestra
1024 1929 1122 2018 Argis
1142 1953 1208 1996 una
1228 1953 1301 1996 cum

201 2030 378 2096 Cassandra
398 2031 596 2096 interfectum
618 2031 745 2108 scribit3
778 2046 885 2096 utrum
907 2054 982 2097 vero
1002 2030 1082 2097 illud
1103 2032 1150 2098 ira
1170 2048 1302 2122 propter

199 2133 295 2198 liliam
310 2156 330 2199 a
343 2147 433 2222 patre
446 2133 637 2200 immolatam
651 2158 788 2213 accensa
803 2159 844 2202 au
864 2135 998 2201 adulteri
1018 2134 1144 2203 monitis
1162 2137 1302 2205 adducta

197 2236 318 2316 fecerit,
333 2235 365 2301 in
380 2236 480 2302 dubio
493 2237 653 2326 relinquit.

244 2340 375 2405 Saeuam
390 2339 540 2407 dramatis
554 2340 654 2428 Argis
667 2362 733 2406 esse
747 2352 820 2406 ante
834 2338 937 2429 regias
950 2340 1199 2428 Agamemnonis
1217 2341 1301 2407 mdes

198 2441 373 2530 AEscbylus
386 2440 453 2530 ipse
466 2442 581 2508 diserte
598 2441 729 2508 notavit.
773 2444 826 2508 Ac
847 2442 1024 2530 speculator
1042 2442 1095 2507 ille
1115 2443 1243 2531 quidem
1266 2444 1301 2510 in

197 2560 280 2611 tecto
293 2544 402 2634 palatii
416 2545 619 2610 excubiarum
633 2567 728 2609 eausa
740 2545 930 2610 constitutus
949 2558 1028 2609 erat.
1072 2544 1200 2609 Chorus
1213 2568 1298 2627 vero,

196 2647 389 2734 reliquaeque
417 2668 559 2733 personae
587 2646 620 2709 in
644 2643 749 2732 platea
777 2667 803 2710 s.
832 2667 906 2709 area
934 2659 1009 2710 ante
1036 2644 1119 2732 regis
1146 2645 1299 2733 palatium

196 2762 302 2837 partes
316 2769 389 2812 suas
400 2747 547 2832 agebant.

239 2849 337 2915 Actio
350 2863 455 2914 autem
470 2847 587 2914 fabuloe
606 2846 762 2913 matutino
780 2846 843 2914 diei
864 2861 1004 2937 tempore
1020 2848 1151 2939 incipit;
1174 2851 1262 2940 quod
1280 2876 1299 2918 e

195 2977 226 3021 v.
244 2969 297 3040 25.
311 2952 479 3041 colligitur,
495 2951 552 3019 ubi
565 2950 742 3041 speculator
756 2974 789 3017 se
802 2951 943 3041 reginam
963 2976 983 3019 e
1001 2975 1111 3019 somno
1126 2953 1296 3020 excitatum

195 3056 241 3122 ire
255 3055 402 3122 declarat.

239 3157 472 3248 Speculatorem
486 3155 589 3237 illum,
603 3155 660 3244 qui
674 3154 842 3244 prologum
855 3157 933 3245 agit,
949 3156 1197 3246 Agamemnonis
1211 3157 1298 3239 θιρό-

193 3288 291 3329 ποντα
307 3260 404 3326 fuisse
418 3258 571 3346 significat
586 3259 692 3324 Graeci
713 3259 891 3346 argumenti
912 3259 1065 3347 scriptor;
1088 3259 1180 3346 cujus
1193 3259 1297 3325 verbis

193 3365 226 3430 iu
241 3363 431 3453 quibusdam
446 3361 533 3427 libris
546 3360 692 3427 additur:
714 3361 783 3447 οὐχὶ
793 3363 811 3426 d
822 3361 881 3427 ἀπὸ
893 3363 1040 3445 Αἰγίσθου
1049 3361 1170 3446 ταχθεὶς
1183 3363 1294 3445 φύλαξ.

194 3468 258 3534 Sed
272 3468 351 3556 ipse,
365 3489 424 3534 nec
437 3465 509 3555 quis
523 3464 572 3545 sit,
588 3487 645 3529 nec
659 3487 678 3530 a
692 3488 757 3552 quo
776 3464 880 3552 ignem
900 3478 958 3529 aut
976 3463 1087 3541 facem,
1104 3477 1296 3551 expugnatae

194 3571 304 3659 'l'rojae
318 3570 464 3648 indicem,
479 3567 643 3634 observare
652 3567 761 3654 jussus
776 3567 827 3644 sit,
841 3576 1074 3630 commemorat.

234 3672 390 3752 Praeooni,
401 3686 437 3736 ut
448 3684 531 3735 recte
541 3669 687 3735 observat
702 3667 869 3745 Stanleius,
883 3664 987 3732 Graeci
998 3664 1174 3750 argumenti
1185 3680 1296 3733 auctor

191 3798 305 3841 nomen
326 3772 492 3861 Talthybii
515 3795 573 3836 suo
593 3771 702 3835 Marte
721 3769 888 3858 apposuit;
912 3789 985 3831 nam
1003 3765 1089 3852 apud
1105 3767 1296 3854 AEschylum

191 3877 314 3943 nullum
336 3890 394 3941 est.
439 3875 485 3940 Et
506 3895 605 3962 quare
629 3872 794 3961 Talthybii
818 3869 1042 3959 potiusquam
1068 3868 1244 3957 Eurybatis
1266 3870 1296 3935 ei

190 3978 357 4059 affinxerit,
376 3978 531 4043 incertum
552 3991 608 4041 est.
653 3975 756 4063 Apud
781 3976 930 4039 Senecam
951 3969 985 4034 in
1005 3971 1248 4058 Agamemnone
1268 3973 1296 4039 is

189 4081 331 4160 nuntius,
347 4080 402 4168 qui
421 4080 530 4167 Trojoe
544 4077 701 4143 excidium
717 4092 749 4143 et
765 4073 958 4145 Gmcanlcae
973 4071 1077 4138 classis
1092 4075 1295 4163 naufragium

191 4183 442 4271 Clytaemnestra
455 4181 583 4259 indicat,
599 4179 781 4266 Eurybates
794 4176 920 4242 dicitur.
955 4175 1097 4262 Uterque
1111 4190 1143 4241 et
1159 4178 1295 4267 Talthy-

189 4287 262 4355 bius
275 4301 307 4351 et
322 4286 503 4374 Eurybates
516 4307 676 4372 praecones
687 4297 775 4347 erant
785 4276 1044 4367 Agamemnonis,
1054 4300 1190 4366 quorum
1206 4281 1294 4368 apud

189 4392 366 4457 Homerum
383 4389 483 4453 multa
498 4385 623 4451 mentio.

231 4496 381 4563 Ceterum
403 4489 435 4555 in
457 4488 530 4554 edd.
554 4489 659 4553 Turn.
679 4498 712 4548 et
730 4483 841 4570 Steph.
861 4479 1001 4567 personis
1023 4479 1120 4568 hujus
1140 4481 1293 4550 dramatis
