2984 5054
532 360 601 422 AD
624 359 954 425 CHOEPHORAS.
1229 354 1293 418 435

192 548 263 607 μου,
279 525 448 608 ῦπεγγύονς
468 526 550 605 πλὴν
571 528 711 607 θανάτου,
733 550 829 616 quum
850 528 1089 615 spopondissent
1109 547 1144 591 se
1163 525 1291 614 quidvis

191 627 364 705 muttum,
380 636 478 692 morte
492 637 615 693 tantum
629 639 766 717 excepta.
811 631 891 694 Haec
905 628 1049 716 exempla
1062 628 1147 693 dedit
1165 625 1292 692 Schnei-

191 727 258 794 der.
302 729 351 793 Hi
365 743 453 793 vates
466 729 610 812 ὑπέγγυοι
624 744 712 794 erant
726 728 802 794 nihil
818 752 881 795 non
895 730 961 794 veri
976 729 1088 794 dicere.
1111 730 1288 795 BLOMF.

233 847 288 910 44.
313 830 434 915 ἄχαριν]
459 831 666 895 Scribendum
689 830 833 915 ἀχάριτον
854 855 926 896 curn
950 831 1100 897 Elmsleio
1124 831 1165 896 ad
1192 831 1290 918 Soph.

193 931 272 997 OEd.
283 932 352 997 Col.
365 933 438 1017 836.
462 933 535 997 Hoc
549 933 631 996 enirn
642 934 781 1020 postulat
792 957 900 999 versus
909 933 1123 1020 antistrophici
1136 955 1291 997 mensura.

235 1053 289 1118 45.
304 1041 377 1117 γαῖα
390 1040 465 1113 μαῖα
480 1036 531 1099 Μ.
544 1034 651 1099 Guelf.
664 1034 741 1099 Ald.
755 1038 858 1098 Turn.
870 1058 1007 1122 quocum
1024 1035 1153 1099 Schutz.
1170 1035 1293 1100 confert

193 1136 309 1223 Eurip.
325 1136 427 1223 Hipp.
442 1138 516 1200 601.
532 1138 554 1199 ὦ
569 1142 642 1218 γαῖα
655 1141 755 1219 μῆτερ.
801 1137 905 1202 Ceteri
919 1145 1001 1219 γαῖα,
1017 1143 1099 1219 γαῖα.
1141 1136 1202 1200 Sed
1217 1142 1291 1215 μαῖα

193 1237 317 1325 legebat
331 1238 505 1316 scholiasta,
519 1237 573 1324 qui
590 1238 813 1324 interpretatur
827 1238 850 1302 ὦ
864 1243 903 1321 γῆ
916 1238 1019 1319 μήτηρ.
1038 1244 1134 1312 Μαῖα,
1149 1239 1292 1320 πρασφιύ·

194 1366 279 1422 νησις
299 1341 372 1422 πρὸς
392 1345 556 1422 πρεσβῦτιν
577 1339 719 1420 τιμητική,
738 1340 804 1404 ἀντὶ
826 1345 887 1415 τοῦ,
907 1339 930 1404 ὦ
953 1339 1055 1422 τροφέ.
1079 1340 1219 1427 Hesych.
1236 1339 1291 1403 ubi

192 1441 287 1529 plura
305 1442 427 1507 dabunt
448 1441 640 1528 interpretes.
687 1442 758 1504 Vox
780 1442 897 1505 Dorica
917 1455 974 1505 est.
1018 1441 1090 1506 Vid.
1113 1441 1228 1506 Moulr.
1250 1441 1291 1505 ad

193 1543 309 1631 Eurip.
324 1544 397 1608 Alc.
412 1563 487 1628 403.
511 1544 687 1607 BLOMF.

236 1644 359 1727 μωμένα
373 1648 402 1726 μ’
417 1645 518 1710 ἰάλλει
533 1643 699 1709 Stanleius.
720 1647 823 1726 μαμέν
837 1648 962 1727 άμιλλεῖ
974 1648 1023 1710 Μ.
1045 1644 1168 1727 μωμένα
1186 1652 1293 1726 μιλλεῖ

195 1748 305 1813 Guelf.
322 1747 399 1811 Ald.
415 1746 500 1811 Rob.
518 1746 628 1832 Steph.
649 1745 772 1827 μωμένα
785 1754 896 1828 μυλλεῖ
910 1749 1013 1812 Turn.

237 1852 291 1929 46.
304 1867 358 1930 47.
373 1866 405 1913 et
417 1850 470 1933 58.
485 1862 538 1932 59.
553 1848 584 1910 in
602 1870 699 1911 unum
716 1871 839 1912 versum
855 1849 1076 1936 conjungendi.

237 1953 292 2030 46.
315 1953 439 2017 δύσθεος
460 1949 548 2035 γυνά]
571 1949 751 2026 Scholiasta,
768 1956 816 2016 δεῖ
828 1957 909 2014 νοεῖν
923 1952 969 2015 ὅτι
983 1951 1017 2014 τὸ
1033 1955 1057 2014 δ.
1073 1977 1104 2033 γ.
1122 1948 1217 2031 ἠρέμα
1232 1976 1293 2017 πως

194 2052 372 2135 ἐφθέγξατο.
395 2051 441 2117 διά
456 2060 541 2133 φησι,
558 2057 710 2134 φοβοῦμαι
724 2056 782 2134 γὰρ
798 2054 869 2120 έπσς
883 2052 951 2117 τάδε
966 2053 1139 2133 ἐκβάλλειν.

238 2171 292 2237 47.
308 2158 452 2234 ἐκβαλεῖν
469 2152 635 2217 Stanleius.
659 2155 823 2233 ἐκβάλλειν
835 2154 915 2218 libri.

237 2259 291 2338 48.
306 2258 416 2337 λύτρον
432 2258 595 2319 Canterus.
617 2256 731 2337 λυγρὸν
746 2255 826 2319 libri.

238 2378 291 2440 49.
308 2359 459 2445 πανσιζὺς]
476 2356 681 2422 Scribendum
704 2371 825 2420 mutato
840 2371 969 2422 accentu
989 2356 1128 2435 πάνοιζυς
1142 2379 1214 2421 cum
1230 2356 1295 2419 Lo-
1386 2414 1388 2418 ⁴

195 2459 307 2525 beckio
322 2460 459 2546 Paralip.
474 2483 506 2546 p.
524 2478 541 2521 2
542 2476 596 2543 51.

238 2581 292 2647 52.
308 2561 502 2646 καλύπτουσι]
518 2562 719 2624 καλύπτουσιν
734 2558 949 2625 Blomfieldus.
994 2558 1066 2622 Vid.
1081 2558 1122 2622 ad
1138 2582 1168 2622 v.
1184 2561 1235 2639 64

238 2684 293 2749 54.
308 2663 460 2744 ἀδάματον
475 2665 688 2726 Hermannutt.
711 2662 880 2742 &brittannos
893 2661 975 2726 libri.

239 2765 336 2844 σέβας
364 2787 426 2830 non
453 2782 510 2841 est,
537 2781 573 2828 ut
598 2762 777 2827 scholiastes
801 2762 998 2848 opinabatur,
1023 2762 1196 2826 reverentia
1219 2784 1295 2849 erga

196 2867 479 2953 Agamemnonem,
506 2866 561 2931 sed
584 2866 653 2953 ipsa
669 2866 917 2951 Agamemnonis
940 2865 1093 2950 majestas.
1139 2865 1190 2929 Sic
1213 2865 1295 2929 enirn

196 2991 280 3055 saepe
301 2969 408 3048 σέβας,
430 2984 465 3033 ut
482 2972 538 3048 βία
554 2967 713 3032 Ἀλκινόου
734 2966 820 3054 apud
842 2969 1028 3031 Homerum.
1062 2969 1220 3054 Μοίσαισι
1239 2969 1296 3032 illa

196 3074 288 3160 regis
315 3094 417 3158 nuper
443 3071 713 3158 inexpugnabilis,
739 3070 906 3146 indomito,
930 3071 1062 3145 invicta,
1091 3071 1127 3132 ῖα
1155 3072 1296 3134 omnium

197 3176 315 3238 civium
341 3174 473 3237 αιιιύάιις
498 3174 675 3258 animisque
700 3181 839 3249 versato,
865 3193 951 3234 nunc
979 3173 1114 3234 recessit.
1152 3170 1187 3235 δι’
1213 3173 1297 3236 ὤτων

198 3275 333 3361 pertinet
354 3275 395 3338 ad
419 3273 639 3350 celebritatem,
660 3277 754 3338 vivus
780 3274 930 3338 uolitabat
954 3293 1015 3359 per
1036 3293 1092 3335 ora
1115 3276 1233 3349 νῦτιιπι,
1262 3291 1298 3338 ut

199 3376 296 3439 Ennii
311 3375 396 3440 dicto
410 3392 549 3454 utamur,
564 3374 706 3461 adeoque
720 3376 788 3461 ejus
802 3375 887 3438 fama
901 3374 1017 3437 civium
1031 3396 1123 3437 aures
1138 3373 1296 3460 implebat.

199 3482 248 3542 διὸ
262 3484 381 3559 φρενῶν
395 3477 513 3565 accipio
527 3477 567 3541 de
582 3498 686 3541 αυιοπε
695 3477 818 3563 popul-i.
844 3477 942 3539 SCH.

241 3597 295 3664 57.
320 3582 431 3661 φρενός
455 3605 489 3644 τε
513 3579 621 3665 Steph.
644 3578 754 3661 φρένες
778 3603 811 3641 τε
835 3579 884 3640 Μ.
909 3575 1018 3639 Guelf.
1045 3576 1139 3657 φρένε
1160 3603 1193 3640 τε
1216 3578 1296 3644 Ald.

200 3680 367 3761 φρέννεστε
388 3681 485 3745 codex
510 3680 702 3745 Robortelli:
728 3678 812 3743 unde
834 3678 946 3762 φρένας
967 3703 1000 3740 τε
1019 3677 1102 3742 Rob.
1125 3684 1244 3760 φρενῦν
1265 3705 1298 3744 τε

201 3783 305 3846 Turn.
377 3801 386 3819 ·

243 3885 296 3969 58.
312 3885 488 3969 ἀφίσταται]
506 3887 688 3966 ἀμφίσταται
702 3885 752 3947 Μ.

242 4006 296 4072 59.
321 3985 380 4069 τις]
407 3986 677 4073 Clytaemnestram
703 3985 788 4050 dicit.
834 3989 910 4051 Post
937 3987 1071 4070 εὐτυχεῖν
1094 4009 1215 4052 comma
1238 4012 1294 4074 po·

201 4100 304 4151 natur.

242 4192 295 4253 60.
311 4192 346 4253 ἐν
358 4189 493 4273 βροτοῖς]
512 4191 669 4271 έμβροτοῐς
684 4190 734 4253 Μ.
760 4191 794 4253 έν
807 4196 945 4270 βροτοῖσι
961 4189 1045 4254 Rob.

243 4293 340 4355 τεκαὶ
355 4291 437 4376 θεοῦ]
452 4317 485 4355 τε
501 4297 591 4355 σθεοῦ
607 4290 685 4355 Ald.
707 4317 740 4355 τε
755 4296 825 4356 θεοῦ
840 4292 944 4355 Turn.

245 4398 315 4458 θεοῦ
335 4392 443 4477 πλέον]
472 4394 557 4479 Sept.
571 4409 647 4478 529.
669 4395 778 4471 ὄμνυσι
799 4391 823 4456 δ’
839 4391 950 4475 αἰχμὴν
962 4390 999 4469 ἣν
1015 4390 1078 4474 ἔχει
1094 4395 1213 4469 μῦλλον
1228 4393 1298 4453 θεοῦ

202 4496 310 4575 σέβειν
322 4497 530 4563 πεποιθιύς-.

728 4615 747 4680 3
767 4612 814 4660 12
