2984 5054
187 377 252 444 368
545 364 924 435 ANNOTATIONES

187 544 403 636 ampliandum
414 565 533 608 censeo.
551 541 649 606 SCH.
678 536 828 603 Pearaoni
843 532 1090 601 emendationem
1107 545 1190 596 recte
1205 553 1292 594 rece·

188 651 235 738 pit
248 646 454 713 Blomfieldue
474 642 575 709 collat.
592 639 737 728 Choeph.
759 657 828 724 134
853 639 882 701 ol
904 634 928 700 δ’
943 636 1115 716 ὑπερκόπως
1133 630 1140 719 Ι
1159 634 1195 697 ἐν
1207 639 1292 697 τοῖσι

190 759 256 819 σοῖς
271 756 387 815 κακοῖσι
398 749 538 832 χλίουσιν
550 743 640 825 μέγα.

232 871 308 937 471.
331 849 430 935 κρίνω]
449 847 607 931 Praefero.
643 843 803 929 Optimrtm
813 839 939 927 judico.
974 835 1088 922 Eurip.
1110 835 1200 901 Med.
1216 837 1292 917 641.

190 953 377 1036 ἀπτολέμους
406 951 430 1017 δ’
456 952 542 1016 triade
567 942 718 1025 σεβίζουσ’
745 944 882 1025 όξύῲρων
908 942 1001 1023 κρίνοι
1024 938 1102 1022 λέχη
1131 943 1292 1021 γυναικῶν.

191 1059 364 1123 BLOMF.

234 1178 308 1245 472·
322 1159 400 1244 μήτ’]
414 1161 455 1240 μὴ
469 1157 494 1222 δ’
510 1162 561 1227 Fl-

234 1264 432 1350 πολιπόρθης]
451 1262 652 1330 Scribebatur
665 1266 874 1347 πτολιπόρθης.
907 1262 1000 1328 Conf.
1016 1285 1048 1325 v.
1065 1262 1140 1348 783.

237 1383 313 1463 476.
332 1381 423 1444 πόλιν
438 1380 488 1446 Fl.
510 1381 564 1462 την
578 1385 669 1449 πόλιν
683 1381 790 1470 vulgo.

236 1515 310 1583 477·
334 1500 491 1584 ἐτητύμως]
517 1501 656 1582 ἐτήτυμος
669 1500 748 1565 liber
763 1500 950 1625 Bigotianus
964 1513 1056 1564 recte.

237 1636 312 1719 478.
328 1634 348 1716 ἤ
362 1660 408 1699 τοι
423 1636 592 1703 Porsonus.
619 1638 685 1719 ἤτοι
698 1637 806 1724 vulgo.
832 1636 852 1717 ἤ
866 1662 912 1701 τοι
927 1635 978 1701 Fl.
1002 1634 1207 1700 Scribendum
1223 1635 1243 1716 ἤ
1257 1662 1293 1701 τι.

239 1739 304 1801 ἐστι
321 1739 416 1820 (ἐστιν
431 1736 496 1822 Fl.)
512 1741 552 1819 μὴ
567 1739 676 1825 ψύθος]
700 1737 811 1802 Lectio
830 1737 871 1803 ab
892 1737 1019 1802 librario
1041 1737 1228 1825 interpolata
1243 1737 1297 1803 tri-

195 1854 330 1901 metrum
346 1838 538 1906 restituente.
566 1839 772 1906 Scn'bendum
796 1843 861 1904 ἐστι
881 1842 989 1922 ψύθος.
1014 1841 1087 1904 Non
1103 1839 1184 1903 male
1200 1841 1295 1904 Stan-

195 1939 274 2003 leius
288 1941 333 2007 τίς
346 1941 437 2020 οἶδεν,
452 1944 480 2005 εί
492 1966 537 2006 τοι
552 1944 634 2006 θεῖόν
649 1944 733 2006 ἐστιν
747 1939 765 2022 ἢ
780 1944 896 2025 paidom

240 2065 315 2133 479.
330 2055 449 2131 φρενῶν
463 2051 654 2136 κεκομμένος]
672 2053 782 2116 Mente
795 2052 899 2115 lmine.
923 2049 1044 2114 Eadem
1057 2049 1247 2116 constructio
1263 2050 1296 2116 in

198 2151 345 2238 Theogn.
368 2171 443 2236 223.
463 2153 560 2218 κεῖνός
581 2154 609 2233 γ’
627 2154 732 2236 ἄφρων
754 2154 830 2230 ἐστὶ,
851 2154 922 2217 νόου
938 2153 1155 2234 βεβλαγηιένος
1172 2155 1297 2217 ἐσθλοῦ.

199 2252 461 2320 Subaudiendum
483 2270 588 2319 autem
611 2256 701 2320 ὥστε.
725 2255 900 2319 BLOMF.
945 2255 998 2318 De
1019 2254 1248 2319 constructione
1265 2276 1297 2317 v.

199 2355 347 2423 Matthiae
361 2355 402 2421 ad
416 2355 531 2444 Eurip.
545 2358 649 2422 Orest.
664 2359 738 2443 556.

240 2461 315 2539 481.
337 2459 521 2545 πυρωθέντα]
536 2460 719 2539 decentum,
740 2483 784 2524 sc.
802 2481 867 2547 epe.
890 2456 1037 2545 Sophocl.
1052 2457 1109 2544 Aj.
1125 2459 1200 2541 478.
1215 2459 1300 2525 όοτις

200 2567 334 2628 κεναῖσιν
349 2563 470 2628 ἐλπίσιν
485 2564 681 2645 θερμαίνεται.
706 2561 760 2626 ubi
777 2560 838 2626 vid.
856 2559 1089 2648 Musgravium.
1112 2559 1287 2624 BLOMF.

243 2663 347 2746 ἔπειτ’]
366 2662 431 2727 έπει
449 2661 455 2749 Ι
475 2663 565 2726 ἔπειτ’
579 2663 630 2727 Fl.

242 2765 317 2846 482.
333 2765 428 2846 λόγου
444 2763 486 2828 Τ.
509 2765 620 2847 λόγους
635 2764 739 2851 vulgo.

242 2866 317 2950 483.
332 2864 470 2946 γυναικὸς
484 2865 654 2929 Porsonus.
671 2867 704 2930 ἐν
718 2864 857 2947 γυναικὸς
871 2864 952 2931 libri.
998 2867 1096 2930 Hunc
1118 2867 1220 2930 locum
1244 2887 1300 2929 ex·

200 2967 317 3056 plicant
344 2965 438 3031 verbe
460 2967 710 3054 Clytaemnestrae
734 2990 763 3030 v.
785 2985 860 3053 592.
878 2965 924 3032 ’H
951 2968 1042 3051 κόρτα
1063 2969 1137 3051 πρὸς
1160 2968 1302 3052 γυναικὸς

201 3074 339 3152 αίρεσθαι
381 3068 463 3151 κέαρ.
511 3071 622 3153 Λόγοις
656 3070 798 3135 τοιούτοις
833 3070 987 3153 πλαγκτὸς
1022 3069 1087 3137 οὖσ’
1125 3072 1300 3154 ἐφαινόμην.
1373 3079 1380 3096 ’

202 3173 378 3238 BLOMF.

244 3276 320 3356 484.
340 3273 429 3357 χόριν
444 3271 617 3352 βνναινέσοι
632 3273 813 3360 jucundum
829 3275 873 3339 rei
888 3289 1035 3341 eventum
1051 3275 1240 3364 praedicare;
1266 3290 1302 3341 ut

203 3376 441 3464 Clytaemnestra
470 3375 574 3440 facum
611 3398 808 3441 accensamm
846 3376 969 3465 signum
1000 3377 1041 3443 de
1068 3378 1302 3466 expugnatione

203 3480 324 3567 Trojae‚
343 3502 407 3566 qua
429 3475 507 3542 nihil
527 3478 651 3543 Graecis
672 3479 810 3566 optatius
827 3479 893 3544 fieri
914 3495 1047 3566 poterat,
1068 3480 1300 3568 interpretatur.

202 3585 219 3648 ό
241 3589 333 3663 θῆλυς
353 3583 422 3664 ὅρος
443 3593 488 3645 est
506 3580 612 3667 opinio
626 3581 765 3646 mulieris
778 3581 819 3645 de
834 3604 867 3646 re
881 3584 1018 3668 quadam
1040 3599 1140 3670 gesta,
1154 3605 1250 3668 quam
1265 3604 1303 3646 ea

203 3708 326 3750 summa
346 3707 418 3750 cum
440 3682 555 3747 fiducia
580 3683 769 3747 verissimam
793 3705 859 3747 esee
882 3684 1032 3763 decernit,
1059 3709 1095 3750 ao
1117 3685 1247 3765 definit3
1269 3684 1302 3748 in

203 3813 268 3876 quo
288 3791 403 3854 iterum
424 3786 564 3873 carpitur
589 3786 838 3872 Clytaemnestra.
883 3788 918 3852 Ie
943 3789 1012 3870 ὅρος
1031 3786 1146 3851 dicitur
1167 3786 1302 3864 πιθανὸς,

203 3913 266 3954 non
280 3890 425 3955 credulae
442 3889 492 3970 (ut
504 3887 602 3974 vulgo
615 3886 731 3975 intpp.)
749 3887 804 3952 sed
817 3887 858 3952 ad
870 3891 1127 3976 persuadendum
1137 3910 1304 3953 accommo-

203 3993 318 4066 όαίυος
343 3989 490 4055 nimirum
504 3988 580 4077 quia
593 4012 734 4056 rumores
756 4015 954 4079 magnacum
972 3991 1086 4056 fiducia
1100 4006 1132 4055 et
1153 3989 1305 4077 gestiente

203 4092 323 4172 letitia,
339 4091 605 4180 quemadmodum
620 4092 686 4157 fieri
709 4095 786 4160 solet
807 4119 827 4159 a
846 4094 1040 4172 mulieribus,
1055 4093 1206 4181 dissipati,
1223 4093 1304 4157 mul-

205 4209 253 4260 tos
266 4195 307 4261 ad
322 4194 513 4260 credendum
529 4193 715 4275 accendunt,
730 4197 848 4262 etiarnsi
864 4196 955 4262 certis
970 4196 1108 4261 veritatis
1131 4194 1306 4283 insignibus

204 4313 338 4364 careant.
383 4296 497 4362 Acrior
519 4310 624 4361 autem
650 4297 686 4361 fit
707 4299 792 4364 chori
816 4298 970 4365 cavillatio
995 4298 1146 4387 oppositis
1168 4297 1249 4362 inter
1273 4319 1305 4361 ee

203 4404 370 4486 ταχύπορος
383 4414 415 4463 et
429 4402 606 4484 ταχύμορον.
632 4400 732 4465 SCH.
