2984 5054
198 322 263 386 406
510 384 513 390 .
563 329 944 396 ANNOTATIONES

246 510 338 578 1195.
360 495 533 579 θυροκόπος]
551 499 642 561 Ostia
650 499 801 586 pulsans,
817 498 904 585 quod
919 497 1038 562 faciunt
1052 496 1162 582 stipem
1177 496 1301 560 mendi-

198 606 314 660 cantes.
338 597 513 660 BLOMF.

242 696 376 782 φλέδων]
393 699 575 785 Nugatrioe.
599 702 743 783 φλυαρία.
767 701 815 764 καὶ
834 702 851 762 ὁ
872 700 1002 777 ἀλαζὼν,
1018 699 1131 779 εύήθης.
1157 699 1300 785 Hesyeh.

199 797 368 862 Eustathio
391 797 431 862 ed
453 800 514 864 Od.
538 807 572 863 B.
596 824 628 887 p.
644 821 737 886 1431,
755 821 808 884 49.
834 800 915 864 inter
941 802 1057 880 δαίμονι
1084 800 1302 884 κατεχομένους

199 912 399 963 recensentur
415 901 544 980 ἐμμανλς
564 903 612 964 καὶ
632 901 761 982 φλέδων.
786 902 886 964 Recte
901 900 1042 988 Etymoi.
1058 903 1110 964 M.
1127 924 1158 987 p.
1174 904 1250 987 796,
1266 922 1300 987 3.

200 1003 342 1083 (accentu
356 1015 458 1065 tamen
474 1001 549 1081 alio)
565 1004 702 1080 Φλεδόν,
718 1003 765 1065 καὶ
781 1006 959 1082 φλεδωνεία,
974 1003 993 1081 ἡ
1007 1005 1149 1084 φλυαρία.
1172 1003 1231 1066 ἀπὸ
1247 1008 1301 1065 rori

198 1101 295 1177 φλέω,
325 1101 342 1164 ὃ
374 1103 422 1166 καὶ
451 1105 537 1183 φλύιο
566 1102 699 1184 λέγεται,
732 1105 847 1184 γίνεται
879 1104 1000 1184 φλεδύν
1029 1104 1077 1167 καὶ
1113 1105 1298 1184 φλεδονεύω.

199 1202 376 1266 BLOMF.
421 1202 632 1288 Comparandi
648 1225 719 1267 cum
736 1203 936 1290 hisv.1273.
951 1220 1045 1285 1274.

244 1305 336 1387 1196.
354 1304 587 1390 ἐκμαρτύρησον]
606 1306 653 1368 καὶ
666 1307 854 1387 μαρτύρησον
870 1308 913 1371 Τ.

241 1405 277 1467 τό
289 1402 331 1488 μ’]
349 1406 482 1467 Praestat
496 1403 588 1483 τούμ’.

244 1506 336 1589 1198.
352 1507 445 1586 ὅρκος,
462 1509 564 1587 πῆγμα
579 1509 747 1571 Porsonus.
770 1510 856 1589 ὅρκος
870 1511 953 1587 πῆμα
967 1508 1047 1573 libri.
1090 1509 1299 1574 Soribendum

197 1608 285 1688 ὅρκου
298 1607 401 1688 πῆγμα
415 1630 487 1670 cum
502 1610 639 1686 Auram,
655 1608 779 1672 sublato
793 1610 878 1694 quod
894 1625 965 1696 post
985 1613 1082 1692 παγὲν
1096 1611 1235 1698 positum
1248 1623 1298 1674 est

196 1721 360 1772 sommare.
413 1709 545 1772 Porsnni
575 1708 762 1795 scripturam
792 1709 847 1795 qui
878 1710 1062 1796 praeferunt,
1091 1713 1235 1776 παιόνων
1263 1711 1297 1775 in

197 1811 337 1876 παιώνιος
351 1824 473 1873 mutare
487 1810 649 1874 debebunt
663 1833 735 1874 cum
750 1811 788 1874 T.

244 1929 335 1992 1¹99·
352 1911 422 1993 σου]
440 1911 560 1997 Aptius
575 1910 648 1974 huic
661 1911 729 1974 loco
742 1924 789 1974 est
804 1936 851 1983 σε,
867 1911 952 1996 qnod
968 1913 1099 1998 eonjenit
1114 1916 1270 1979 Auratus.

244 2026 466 2094 1203—1205.
483 2010 528 2073 Hi
544 2033 650 2074 versus
663 2011 694 2074 in
712 2013 753 2074 T.
770 2012 812 2075 sic
829 2028 902 2075 sunt
917 2013 1095 2100 transpositi

542 2116 621 2173 Κασ.
635 2117 698 2191 μῶν
714 2112 819 2174 καὶ-

540 2216 597 2273 Χο.
613 2217 723 2291 προτοῦ
737 2247 780 2260 -

540 2318 595 2375 Χο.
611 2315 832 2394 βαρύνεται-

198 2410 252 2474 ubi
267 2408 464 2473 manifestum
479 2422 526 2472 est
540 2431 742 2494 personarum
758 2409 840 2473 vines
857 2407 966 2472 calami
988 2408 1077 2496 lapsu
1099 2434 1165 2475 esse
1186 2413 1298 2477 turba·

196 2525 261 2574 tas:
285 2533 357 2574 nam
377 2508 547 2574 Triclinius
565 2509 656 2574 scribi
674 2511 824 2588 voluerat,
840 2516 896 2574 Χο.
914 2515 993 2575 Kar.
1007 2516 1067 2573 Χο.
1087 2525 1119 2575 et
1139 2512 1198 2578 hoo
1217 2514 1297 2578 mihi

196 2634 281 2675 nunc
296 2633 405 2675 verum
421 2610 554 2674 videtur.

242 2727 336 2795 1205.
353 2711 529 2792 ἁβρύνεται]
545 2711 709 2790 βαρύνεται
725 2712 768 2773 Τ.

242 2829 333 2895 1207.
357 2811 496 2895 ἤλθετον]
520 2810 728 2875 Scribendum
749 2812 878 2890 ἠλθέτην
899 2835 971 2878 cum
992 2813 1142 2880 Elmsleio
1163 2814 1206 2878 ad
1220 2815 1296 2879 Ari-

194 2914 299 3000 stoph.
315 2914 457 2977 Acharn.
474 2932 549 2997 733.

238 3014 330 3099 νόμῳ]
346 3017 420 3094 όμοῦ
435 3013 594 3077 Butlerus.

241 3133 334 3180 1211.
350 3114 458 3179 ἄνατος
472 3114 638 3177 Canterus.
661 3115 787 3182 ἄνακτος
802 3113 883 3178 libri.
1325 3166 1337 3190 ,

237 3215 323 3300 κότῳ]
340 3217 426 3279 κότου
442 3213 658 3295 Blomfieldus,
674 3214 786 3279 nollato
802 3215 899 3302 Soph.
918 3217 998 3281 OEd.
1015 3218 1085 3282 Col.
1103 3218 1142 3300 78
1143 3233 1174 3302 5.
1202 3220 1294 3289 πόλις

192 3317 227 3382 δέ
241 3343 292 3381 σοι
307 3323 403 3381 κακῶν
417 3319 536 3384 ἄνατος.

240 3438 330 3486 1212.
346 3415 440 3481 οὐδέν’
457 3418 620 3481 Canterus
644 3419 731 3481 οὐδὲν
745 3416 827 3481 libri.

238 3524 331 3587 1216.
355 3519 504 3605 ἑφημίοις]
529 3517 694 3600 ἐφημένους
709 3519 787 3583 Ven.
811 3503 976 3598 ἐφημίνούς
994 3520 1036 3582 Τ.
1083 3519 1294 3586 Manifestum

190 3634 238 3684 est
259 3621 318 3684 hoc
333 3618 520 3683 vocabulum
542 3641 582 3681 ex
603 3618 746 3704 proximo
760 3640 852 3681 versu
875 3617 992 3681 librarii
1014 3642 1117 3683 errore
1138 3643 1204 3685 esse
1225 3622 1295 3688 illa·

191 3737 269 3786 tum.
315 3724 428 3804 Itaque
443 3718 546 3781 deleto
560 3741 597 3781 eo
612 3719 734 3802 signum
752 3717 873 3779 lneunae
887 3731 933 3780 est
948 3718 1140 3804 ponendum.

237 3838 328 3902 1217.
352 3817 537 3882 Cassandrae
551 3816 682 3878 offertur
697 3815 807 3894 visum,
823 3816 909 3901 quod
931 3818 960 3881 ei
981 3819 1117 3883 ostendit
1133 3820 1294 3906 juvenum

190 3920 318 3983 umbras
339 3917 461 3981 nedibus
478 3915 569 3979 Atrei
592 3914 771 3993 assidentes,
794 3916 945 4002 Thyestae
964 3919 1071 4004 pueris
1092 3920 1132 3983 ad
1156 3922 1293 4006 speciem

189 4019 314 4095 similes,
328 4040 364 4081 ee
376 4017 493 4080 viscera
502 4037 671 4101 carnesque
683 4039 702 4078 a
717 4031 806 4102 patre
820 4030 961 4102 gustatas
972 4035 1169 4085 ostentantes.
1188 4024 1293 4090 SCH.

236 4137 329 4182 1221.
347 4117 413 4201 σὺν]
431 4114 638 4179 Scribendum
653 4113 709 4193 ξὺν
722 4138 795 4179 eum
810 4119 964 4181 Porsono.

235 4238 327 4298 1224.
342 4215 441 4281 λέοντ’
457 4217 584 4280 ἄναλκιν
598 4215 730 4302 opponit
744 4216 845 4280 λέοντι
861 4216 986 4296 εὐγενεῖ,
1001 4240 1044 4284 sc.
1055 4221 1294 4306 Agamemnoni
1313 4263 1318 4274 ·

188 4343 218 4382 v.
236 4337 328 4404 1259.
352 4317 526 4381 BLOMF.
