2984 5054
517 361 586 425 AD
608 362 905 426 EUMENIDES.
1197 361 1264 429 559

206 528 280 609 607.
302 531 365 593 πῶς
379 525 437 608 γάρ
453 524 499 610 σ’]
515 530 576 593 πῶς
589 525 647 608 γάρ
661 526 687 589 τ’
702 525 778 590 Ald.
810 532 872 594 πιῖς
886 525 914 610 γ’
931 529 958 591 εῖ
972 525 1000 590 σ’
1017 526 1101 590 Rob.
1115 525 1148 589 in
1166 526 1263 591 corri-

161 628 282 715 gendis.
303 635 365 696 πῶς
377 629 397 708 ἥ
409 626 437 691 τ’
450 628 607 693 Stsnleins
617 628 743 693 frustra.
765 635 836 703 πῶς,
851 629 1001 717 quomodo
1017 631 1083 694 nisi
1101 631 1265 717 sangnine

162 753 230 796 ιιιο.

207 834 282 897 608.
298 832 438 919 ἀπεύχει]
455 834 571 920 ἀπεύχῃ
585 831 667 896 libri.

207 934 295 1020 οἶμα]
312 936 384 1013 αῐμο
398 935 433 998 τὸ
449 933 558 998 Guels.
574 934 650 999 Ald.
668 933 752 999 Rob.

208 1038 283 1100 610.
295 1036 364 1121 σὺν]
384 1035 590 1101 Scribendum
607 1036 660 1114 ξδν
675 1058 747 1099 cum
764 1037 915 1100 Porsono.

208 1137 281 1223 615.
297 1139 424 1222 δικαίως]
444 1140 558 1204 δικαίας
573 1137 650 1202 Ald.
666 1140 773 1202 Turn.

208 1238 251 1303 δν
265 1236 289 1302 δ’
306 1241 469 1303 canterus.
493 1237 517 1302 δ’
532 1238 576 1303 δν
590 1238 669 1303 libri.
693 1238 718 1304 δ’
733 1238 823 1325 ejecit
839 1241 943 1303 Turn.

209 1342 282 1405 618.
298 1339 434 1404 ’κίλενσε
449 1343 620 1405 Porsonus.
642 1342 780 1407 κελεύσει
794 1340 875 1406 libri.
899 1340 1107 1407 Scribendum
1124 1341 1267 1405 κελεύσαι

165 1465 236 1507 cum
254 1444 448 1507 Hermanno.

209 1549 283 1610 622.
297 1545 400 1627 λέγεις
412 1545 460 1618 σὺ,
476 1545 578 1632 τόνδε]
594 1543 705 1627 λέγεις,
721 1544 771 1608 rol
785 1546 873 1611 τόνδε
887 1545 1073 1632 Burgesins.

209 1646 283 1730 629.
301 1647 438 1730 ἀκούσει]
457 1647 570 1733 ἀκούσῃ
585 1645 666 1710 libri.

210 1749 284 1832 631.
298 1747 365 1833 μιν]
385 1747 589 1812 scribendum
607 1773 654 1813 νιν
668 1769 740 1812 cum
757 1748 907 1811 Porsono.

209 1848 416 1934 ἠμποληκότα]
453 1852 588 1929 ἀμπολάν
624 1863 703 1913 teste
732 1849 895 1937 Hesychio
922 1848 944 1912 i.
970 1872 997 1914 e.
1024 1873 1056 1935 q.
1093 1857 1267 1931 περιποιεῖν,

166 1953 435 2032 πραγματεύεσθαι,
462 1965 518 2014 ant
544 1949 717 2015 secundnm
738 1949 834 2014 schol.
858 1951 890 2015 in
922 1951 1067 2039 Sophocl.
1098 1951 1212 2038 Antig.
1239 1976 1267 2014 v.

170 2073 262 2136 1049.
279 2055 452 2134 κερδαίνειν,
468 2059 643 2133 περιποιεῖν.
688 2054 803 2140 Itaque
817 2053 876 2118 ἀπὸ
895 2056 1051 2135 προνοίας
1063 2080 1116 2137 μιν
1135 2055 1268 2134 ἠμπολη-

169 2155 242 2217 κότα
263 2157 301 2217 τὰ
321 2153 438 2218 πλεῖστ’
463 2156 606 2234 ἀμείνονα
629 2154 799 2241 significat:
823 2177 893 2219 cum
910 2158 996 2220 enim
1013 2157 1053 2221 αά
1073 2159 1271 2244 expeditior&

167 2255 275 2318 bellica
290 2255 437 2342 plurima
459 2257 589 2320 meliora
611 2256 827 2342 lncnfleirset,
846 2255 877 2321 h.
893 2280 922 2322 e.
948 2257 1064 2322 multas
1085 2281 1134 2322 res
1151 2258 1271 2345 optime

168 2355 322 2442 gessisset.
348 2356 448 2419 SCH.

212 2462 287 2543 632.
312 2456 456 2542 ἀμείνον’]
488 2458 611 2537 ἄμεινον
636 2455 715 2524 Ald.
749 2458 826 2521 Post
848 2457 933 2521 hunc
959 2480 1083 2522 versum
1104 2457 1272 2523 indicanda

169 2560 291 2624 lacuna.

214 2665 290 2748 633.
308 2662 421 2745 δροίτῃ]
440 2663 526 2743 δρύτη
543 2661 652 2747 Steph.

214 2767 287 2849 634.
303 2764 551 2850 παρεσκύνιοσεν]
568 2761 797 2845 παρεσκήνησεν
811 2762 915 2827 Turn.
932 2762 1041 2850 Steph.

213 2867 353 2948 ἀτέρμονι
363 2867 464 2951 (exitu
476 2864 785 2949 οατεηῐα)-πέπλιρ]
801 2865 925 2947 ἀπειρον
936 2867 1170 2949 ἀμφίβληστρον
1180 2888 1273 2930 νοσα-

171 2967 215 3032 vit
230 2970 346 3053 Agam.
363 2970 454 3052 1382.
471 2971 594 3048 ἄπειρον
608 2970 735 3049 ὕφασμα
750 2966 921 3054 Euripides
936 2969 1039 3034 Orest.
1056 2987 1074 3034 2
1075 2984 1107 3054 5.

215 3071 288 3152 636.
302 3069 401 3156 οὗτος]
415 3071 506 3137 οὕτως
521 3069 597 3134 Ald.
615 3070 719 3132 Turn.
736 3068 848 3154 Steph.

215 3170 289 3255 638.
304 3171 414 3257 δηχθῇ]
431 3174 533 3253 δειχθῇ
551 3172 601 3233 Μ.
618 3169 703 3234 Rob.

215 3274 289 3354 639.
304 3272 416 3353 ὅσπερ]
432 3273 533 3352 ὥσπερ
549 3271 633 3336 Rob.

215 3377 289 3456 643.
305 3373 402 3459 ταῦτ’]
419 3370 495 3435 τοῦτ’
514 3371 591 3436 Ald.
608 3373 712 3436 Turn.

217 3475 290 3558 645.
306 3472 360 3558 ἀν]
375 3472 411 3539 δι
427 3471 536 3536 Guelf.
551 3470 627 3536 Ald.
645 3473 749 3535 Turn.

217 3579 291 3660 650.
314 3575 376 3639 ἀνω
392 3576 442 3638 καὶ
455 3573 533 3638 κότα
552 3596 624 3637 cum
640 3572 790 3655 στρέφων,
810 3593 871 3636 non
894 3595 967 3637 cnm
988 3577 1105 3655 τίθησιν
1126 3573 1275 3662 copulan-

173 3676 267 3741 dum:
292 3686 394 3740 cetera
416 3697 490 3739 vero
511 3677 618 3739 omnia
632 3677 764 3761 Jupiter
784 3676 958 3752 constituit,
980 3697 1109 3742 ςιιττιιοι
1129 3678 1275 3743 dmm

173 3780 321 3851 νοῑνοαος
346 3778 378 3841 h.
393 3801 419 3841 e.
444 3776 538 3841 modo
553 3777 609 3854 sic,
628 3776 723 3841 modo
743 3775 834 3840 aliter
854 3775 1001 3865 dirigens.
1028 3780 1127 3846 SCH.
1158 3804 1192 3844 τε
1212 3802 1274 3845 om.

174 3883 225 3945 M.
242 3879 351 3945 Guelf.
368 3878 446 3944 Ald.

217 3986 290 4067 651.
306 3982 395 4046 οὐδὲν
409 3981 581 4060 ἀσθμαίνων
594 3978 693 4064 μένει]
721 3981 771 4044 De
793 3981 917 4046 viribus
938 3981 1026 4045 nullo
1040 3980 1145 4047 Ῑαδοτσ
1158 3983 1277 4049 estam

173 4085 295 4148 τῖιαόῖς
309 4084 436 4160 dicitur,
452 4082 515 4147 sive
529 4081 569 4146 de
583 4081 738 4146 eminente
748 4081 842 4147 «Iovis
855 4084 1007 4170 potentin,
1022 4084 1072 4148 cni
1089 4084 1166 4150 nihil
1180 4109 1277 4174 grave

175 4198 230 4247 sut
252 4184 375 4248 difficile
396 4199 453 4250 est.
489 4184 597 4248 Facili
617 4204 724 4271 opera,
741 4205 805 4248 uno
821 4184 911 4270 qnasi
933 4185 1064 4272 impetu,
1080 4208 1143 4251 non
1157 4189 1277 4254 Ιαδοτῖο

174 4287 318 4364 anhelus,
334 4301 370 4350 ut
384 4285 524 4372 loquitur
540 4284 594 4350 Sil.
612 4283 685 4349 Ital.
704 4302 755 4367 15,
767 4298 841 4366 721.
857 4307 960 4372 neque
974 4287 1126 4367 ἀσθματος
1140 4291 1190 4352 καὶ
1204 4291 1278 4354 ἀπο-

175 4389 241 4468 ρίας
259 4386 368 4465 μεστὸς
390 4388 563 4468 γενόμενος,
586 4399 623 4449 ut
642 4407 694 4472 ap.
720 4385 802 4451 Plst.
825 4387 866 4451 de
888 4389 970 4475 Rep.
994 4411 1026 4475 p.
1047 4392 1123 4474 496.
1161 4391 1278 4455 Noster

177 4511 274 4575 supra
298 4512 327 4554 v.
352 4505 425 4572 243.
451 4495 580 4556 πολλοῖς
606 4487 730 4570 μόχθοις
758 4487 940 4570 ἀνδροκμῆσι
964 4490 1060 4574 φνσιᾷ
1085 4491 1277 4578 σπλάγχνον.
