<?xml version="1.0" encoding="UTF-8"?>
<!DOCTYPE html PUBLIC "-//W3C//DTD XHTML 1.0 Transitional//EN"
    "http://www.w3.org/TR/xhtml1/DTD/xhtml1-transitional.dtd">
<html xmlns="http://www.w3.org/1999/xhtml" xml:lang="en" lang="en">
 <head>
  <title>
</title>
<meta http-equiv="Content-Type" content="text/html;charset=utf-8" />
  <meta name='ocr-system' content='tesseract 3.04.00' />
  <meta name='ocr-capabilities' content='ocr_page ocr_carea ocr_par ocr_line ocrx_word'/>
</head>
<body>
  <div class='ocr_page' id='page_1' title='image "./tragoediaesuper01aescgoog_0256.png"; bbox 0 0 2984 5054; ppageno 0'>
   <div class='ocr_carea' id='block_1_1' title="bbox 314 346 1250 417">
    <p class='ocr_par' dir='ltr' id='par_1_1' title="bbox 314 346 1250 417">
     <span class='ocr_line' id='line_1_1' title="bbox 314 346 1250 417; baseline -0.006 0"><span class='ocrx_word' id='word_1_1' title='bbox 314 350 695 417; x_wconf 81' lang='lat' dir='ltr'><strong>ANNOTATIONES</strong></span> <span class='ocrx_word' id='word_1_2' title='bbox 717 350 786 416; x_wconf 86' lang='lat' dir='ltr'>AD</span> <span class='ocrx_word' id='word_1_3' title='bbox 808 347 1076 415; x_wconf 87' lang='lat' dir='ltr'><strong>SUPPLICES.</strong></span> <span class='ocrx_word' id='word_1_4' title='bbox 1185 346 1250 412; x_wconf 76' lang='lat' dir='ltr'>ott</span> 
     </span>
    </p>
   </div>
   <div class='ocr_carea' id='block_1_2' title="bbox 116 525 1228 1021">
    <p class='ocr_par' dir='ltr' id='par_1_2' title="bbox 195 525 506 611">
     <span class='ocr_line' id='line_1_2' title="bbox 195 525 506 611; baseline -0.003 -21"><span class='ocrx_word' id='word_1_5' title='bbox 195 544 227 606; x_wconf 87' lang='grc'>4.</span> <span class='ocrx_word' id='word_1_6' title='bbox 242 525 314 611; x_wconf 84' lang='grc' dir='ltr'>δπὸ]</span> <span class='ocrx_word' id='word_1_7' title='bbox 328 525 386 608; x_wconf 78' lang='grc' dir='ltr'>πρὸ</span> <span class='ocrx_word' id='word_1_8' title='bbox 403 527 506 590; x_wconf 86' lang='lat' dir='ltr'>Turn.</span> 
     </span>
    </p>

    <p class='ocr_par' dir='ltr' id='par_1_3' title="bbox 193 628 754 715">
     <span class='ocr_line' id='line_1_3' title="bbox 193 628 754 715; baseline -0.004 -21"><span class='ocrx_word' id='word_1_9' title='bbox 193 629 394 715; x_wconf 70' lang='grc' dir='ltr'>προστομίων]</span> <span class='ocrx_word' id='word_1_10' title='bbox 410 631 540 710; x_wconf 78' lang='grc' dir='ltr'>στομίον</span> <span class='ocrx_word' id='word_1_11' title='bbox 553 628 632 694; x_wconf 86' lang='lat' dir='ltr'>Ald.</span> <span class='ocrx_word' id='word_1_12' title='bbox 648 629 754 693; x_wconf 85' lang='lat' dir='ltr'>Turn.</span> 
     </span>
    </p>

    <p class='ocr_par' dir='ltr' id='par_1_4' title="bbox 195 725 927 814">
     <span class='ocr_line' id='line_1_4' title="bbox 195 725 927 814; baseline 0.001 -21"><span class='ocrx_word' id='word_1_13' title='bbox 195 731 440 814; x_wconf 68' lang='grc' dir='ltr'>λεπτοψαμάθων</span> <span class='ocrx_word' id='word_1_14' title='bbox 454 731 612 797; x_wconf 81' lang='lat' dir='ltr'>Pauwius.</span> <span class='ocrx_word' id='word_1_15' title='bbox 634 733 831 810; x_wconf 75' lang='grc' dir='ltr'>λεπτομοθόν</span> <span class='ocrx_word' id='word_1_16' title='bbox 844 725 927 794; x_wconf 88' lang='lat' dir='ltr'><strong>libri.</strong></span> 
     </span>
    </p>

    <p class='ocr_par' dir='ltr' id='par_1_5' title="bbox 116 828 1228 1021">
     <span class='ocr_line' id='line_1_5' title="bbox 116 828 1077 918; baseline -0.009 -21"><span class='ocrx_word' id='word_1_17' title='bbox 116 876 118 879; x_wconf 92' lang='lat'><em>-</em></span> <span class='ocrx_word' id='word_1_18' title='bbox 195 847 228 918; x_wconf 83' lang='lat'>5.</span> <span class='ocrx_word' id='word_1_19' title='bbox 244 833 322 918; x_wconf 89' lang='grc' dir='ltr'>δίαν]</span> <span class='ocrx_word' id='word_1_20' title='bbox 335 837 402 898; x_wconf 82' lang='grc' dir='ltr'>δῖον</span> <span class='ocrx_word' id='word_1_21' title='bbox 417 835 522 898; x_wconf 85' lang='grc' dir='ltr'>Τοτο.</span> <span class='ocrx_word' id='word_1_22' title='bbox 536 833 627 898; x_wconf 84' lang='lat' dir='ltr'>male.</span> <span class='ocrx_word' id='word_1_23' title='bbox 651 834 690 896; x_wconf 88' lang='lat' dir='ltr'>V.</span> <span class='ocrx_word' id='word_1_24' title='bbox 704 831 746 896; x_wconf 89' lang='lat' dir='ltr'>ad</span> <span class='ocrx_word' id='word_1_25' title='bbox 760 829 874 918; x_wconf 78' lang='lat' dir='ltr'>Eusip.</span> <span class='ocrx_word' id='word_1_26' title='bbox 889 828 988 894; x_wconf 87' lang='lat' dir='ltr'>Rhes.</span> <span class='ocrx_word' id='word_1_27' title='bbox 1004 843 1077 906; x_wconf 81' lang='lat'>224.</span> 
     </span>
     <span class='ocr_line' id='line_1_6' title="bbox 195 925 1228 1021; baseline -0.006 -23"><span class='ocrx_word' id='word_1_28' title='bbox 195 939 338 999; x_wconf 75' lang='grc' dir='ltr'>λιποῦσαι</span> <span class='ocrx_word' id='word_1_29' title='bbox 353 936 458 1000; x_wconf 85' lang='lat' dir='ltr'>Turn.</span> <span class='ocrx_word' id='word_1_30' title='bbox 475 935 584 1021; x_wconf 90' lang='lat' dir='ltr'>Steph.</span> <span class='ocrx_word' id='word_1_31' title='bbox 596 939 756 1000; x_wconf 83' lang='grc' dir='ltr'>λειπσῦσοι</span> <span class='ocrx_word' id='word_1_32' title='bbox 771 932 845 1017; x_wconf 85' lang='lat' dir='ltr'>(hoc</span> <span class='ocrx_word' id='word_1_33' title='bbox 858 932 1005 1014; x_wconf 82' lang='lat' dir='ltr'>sooentu)</span> <span class='ocrx_word' id='word_1_34' title='bbox 1019 926 1091 993; x_wconf 87' lang='lat' dir='ltr'>libri</span> <span class='ocrx_word' id='word_1_35' title='bbox 1105 925 1228 1014; x_wconf 87' lang='lat' dir='ltr'>reliqui.</span> 
     </span>
    </p>
   </div>
   <div class='ocr_carea' id='block_1_3' title="bbox 153 1030 1259 3055">
    <p class='ocr_par' dir='ltr' id='par_1_6' title="bbox 153 1030 1252 1225">
     <span class='ocr_line' id='line_1_7' title="bbox 196 1030 1252 1124; baseline -0.006 -24"><span class='ocrx_word' id='word_1_36' title='bbox 196 1053 226 1116; x_wconf 83' lang='lat'>7.</span> <span class='ocrx_word' id='word_1_37' title='bbox 248 1039 437 1117; x_wconf 76' lang='grc' dir='ltr'>δημηλασίαν</span> <span class='ocrx_word' id='word_1_38' title='bbox 461 1036 527 1103; x_wconf 90' lang='lat' dir='ltr'>duo</span> <span class='ocrx_word' id='word_1_39' title='bbox 549 1036 619 1101; x_wconf 85' lang='lat' dir='ltr'>libri</span> <span class='ocrx_word' id='word_1_40' title='bbox 647 1034 837 1124; x_wconf 80' lang='lat' dir='ltr'>spanhemii.</span> <span class='ocrx_word' id='word_1_41' title='bbox 868 1033 1037 1116; x_wconf 72' lang='grc' dir='ltr'>δημηλαοία</span> <span class='ocrx_word' id='word_1_42' title='bbox 1057 1030 1163 1118; x_wconf 77' lang='lat' dir='ltr'>vulgo.</span> <span class='ocrx_word' id='word_1_43' title='bbox 1200 1030 1252 1094; x_wconf 84' lang='lat' dir='ltr'>De</span> 
     </span>
     <span class='ocr_line' id='line_1_8' title="bbox 153 1137 997 1225; baseline -0.005 -24"><span class='ocrx_word' id='word_1_44' title='bbox 153 1137 381 1202; x_wconf 85' lang='lat' dir='ltr'>oonstruotione</span> <span class='ocrx_word' id='word_1_45' title='bbox 395 1162 425 1203; x_wconf 85' lang='lat' dir='ltr'>v.</span> <span class='ocrx_word' id='word_1_46' title='bbox 441 1138 580 1203; x_wconf 85' lang='lat' dir='ltr'>Lobeck.</span> <span class='ocrx_word' id='word_1_47' title='bbox 595 1137 638 1204; x_wconf 83' lang='lat' dir='ltr'>ad</span> <span class='ocrx_word' id='word_1_48' title='bbox 654 1137 752 1225; x_wconf 89' lang='lat' dir='ltr'>Soph.</span> <span class='ocrx_word' id='word_1_49' title='bbox 767 1137 860 1224; x_wconf 86' lang='lat' dir='ltr'>Ajac.</span> <span class='ocrx_word' id='word_1_50' title='bbox 874 1158 906 1223; x_wconf 90' lang='lat' dir='ltr'>p.</span> <span class='ocrx_word' id='word_1_51' title='bbox 922 1149 997 1220; x_wconf 81' lang='lat'>351.</span> 
     </span>
    </p>

    <p class='ocr_par' dir='ltr' id='par_1_7' title="bbox 198 1237 936 1325">
     <span class='ocr_line' id='line_1_9' title="bbox 198 1237 936 1325; baseline -0.003 -23"><span class='ocrx_word' id='word_1_52' title='bbox 198 1239 228 1303; x_wconf 88' lang='lat'>8.</span> <span class='ocrx_word' id='word_1_53' title='bbox 244 1239 439 1325; x_wconf 85' lang='grc' dir='ltr'>γνοσθεῖσοι]</span> <span class='ocrx_word' id='word_1_54' title='bbox 455 1241 520 1304; x_wconf 87' lang='lat' dir='ltr'>Pro</span> <span class='ocrx_word' id='word_1_55' title='bbox 534 1243 793 1322; x_wconf 82' lang='grc' dir='ltr'>καταγνοσθεῖσαι</span> <span class='ocrx_word' id='word_1_56' title='bbox 806 1237 936 1302; x_wconf 85' lang='lat' dir='ltr'>dictum.</span> 
     </span>
    </p>

    <p class='ocr_par' dir='ltr' id='par_1_8' title="bbox 154 1337 1254 1631">
     <span class='ocr_line' id='line_1_10' title="bbox 198 1337 1254 1427; baseline -0.006 -20"><span class='ocrx_word' id='word_1_57' title='bbox 198 1362 229 1425; x_wconf 85' lang='lat'>9.</span> <span class='ocrx_word' id='word_1_58' title='bbox 245 1342 390 1425; x_wconf 78' lang='grc' dir='ltr'>οίπογενῆ</span> <span class='ocrx_word' id='word_1_59' title='bbox 403 1343 457 1406; x_wconf 85' lang='grc' dir='ltr'>τὸν</span> <span class='ocrx_word' id='word_1_60' title='bbox 469 1341 635 1427; x_wconf 77' lang='grc' dir='ltr'>φνξδνορα]</span> <span class='ocrx_word' id='word_1_61' title='bbox 655 1340 766 1405; x_wconf 80' lang='lat' dir='ltr'>Lectio</span> <span class='ocrx_word' id='word_1_62' title='bbox 779 1338 900 1404; x_wconf 80' lang='lat' dir='ltr'>vitiosa.</span> <span class='ocrx_word' id='word_1_63' title='bbox 931 1338 1075 1420; x_wconf 83' lang='grc' dir='ltr'>αιἰτογενῆ</span> <span class='ocrx_word' id='word_1_64' title='bbox 1090 1337 1254 1422; x_wconf 69' lang='grc' dir='ltr'>φυξανορίᾳ</span> 
     </span>
     <span class='ocr_line' id='line_1_11' title="bbox 154 1439 1254 1532; baseline -0.002 -26"><span class='ocrx_word' id='word_1_65' title='bbox 154 1444 359 1508; x_wconf 85' lang='lat' dir='ltr'>Hermanous</span> <span class='ocrx_word' id='word_1_66' title='bbox 382 1446 501 1532; x_wconf 87' lang='lat' dir='ltr'>Opuso.</span> <span class='ocrx_word' id='word_1_67' title='bbox 521 1443 582 1507; x_wconf 89' lang='lat' dir='ltr'>vol.</span> <span class='ocrx_word' id='word_1_68' title='bbox 599 1462 629 1510; x_wconf 81' lang='lat'>2.</span> <span class='ocrx_word' id='word_1_69' title='bbox 651 1465 684 1530; x_wconf 88' lang='lat' dir='ltr'>p.</span> <span class='ocrx_word' id='word_1_70' title='bbox 698 1462 774 1528; x_wconf 82' lang='lat'>330.</span> <span class='ocrx_word' id='word_1_71' title='bbox 796 1442 955 1524; x_wconf 66' lang='grc' dir='ltr'>αὐτογενεῖ</span> <span class='ocrx_word' id='word_1_72' title='bbox 973 1439 1139 1525; x_wconf 64' lang='grc' dir='ltr'>φυξανορίᾳ</span> <span class='ocrx_word' id='word_1_73' title='bbox 1158 1440 1254 1504; x_wconf 84' lang='lat' dir='ltr'>Bam·</span> 
     </span>
     <span class='ocr_line' id='line_1_12' title="bbox 154 1543 1023 1631; baseline -0.005 -23"><span class='ocrx_word' id='word_1_74' title='bbox 154 1544 304 1631; x_wconf 77' lang='lat' dir='ltr'>bergenis</span> <span class='ocrx_word' id='word_1_75' title='bbox 318 1545 350 1609; x_wconf 91' lang='lat' dir='ltr'>in</span> <span class='ocrx_word' id='word_1_76' title='bbox 364 1545 609 1610; x_wconf 86' lang='lat' dir='ltr'>Zimmermanni</span> <span class='ocrx_word' id='word_1_77' title='bbox 624 1543 735 1610; x_wconf 88' lang='lat' dir='ltr'>Diario</span> <span class='ocrx_word' id='word_1_78' title='bbox 749 1568 777 1609; x_wconf 87' lang='lat' dir='ltr'>a.</span> <span class='ocrx_word' id='word_1_79' title='bbox 794 1545 886 1630; x_wconf 85' lang='lat'>1839.</span> <span class='ocrx_word' id='word_1_80' title='bbox 902 1566 934 1630; x_wconf 88' lang='lat' dir='ltr'>p.</span> <span class='ocrx_word' id='word_1_81' title='bbox 948 1544 1023 1628; x_wconf 89' lang='lat'>879.</span> 
     </span>
    </p>

    <p class='ocr_par' dir='ltr' id='par_1_9' title="bbox 198 1647 833 1735">
     <span class='ocr_line' id='line_1_13' title="bbox 198 1647 833 1735; baseline 0.002 -24"><span class='ocrx_word' id='word_1_82' title='bbox 198 1649 342 1731; x_wconf 78' lang='grc' dir='ltr'>αι’πογενῆ</span> <span class='ocrx_word' id='word_1_83' title='bbox 356 1649 422 1735; x_wconf 87' lang='grc' dir='ltr'>τὸν]</span> <span class='ocrx_word' id='word_1_84' title='bbox 437 1648 637 1732; x_wconf 79' lang='grc' dir='ltr'>οδτογίνητον</span> <span class='ocrx_word' id='word_1_85' title='bbox 650 1647 730 1713; x_wconf 88' lang='lat' dir='ltr'>Ald.</span> <span class='ocrx_word' id='word_1_86' title='bbox 747 1647 833 1712; x_wconf 85' lang='lat' dir='ltr'>Rob.</span> 
     </span>
    </p>

    <p class='ocr_par' dir='ltr' id='par_1_10' title="bbox 156 1744 1254 1935">
     <span class='ocr_line' id='line_1_14' title="bbox 197 1744 1254 1836; baseline -0.006 -21"><span class='ocrx_word' id='word_1_87' title='bbox 197 1750 363 1836; x_wconf 72' lang='grc' dir='ltr'>φυξόνορα]</span> <span class='ocrx_word' id='word_1_88' title='bbox 387 1749 599 1834; x_wconf 74' lang='grc' dir='ltr'>φολαξδνοραν</span> <span class='ocrx_word' id='word_1_89' title='bbox 626 1752 677 1815; x_wconf 89' lang='grc' dir='ltr'>Μ.</span> <span class='ocrx_word' id='word_1_90' title='bbox 698 1749 810 1815; x_wconf 82' lang='lat' dir='ltr'>Guelf.</span> <span class='ocrx_word' id='word_1_91' title='bbox 832 1748 912 1813; x_wconf 87' lang='lat' dir='ltr'>Ald.</span> <span class='ocrx_word' id='word_1_92' title='bbox 938 1747 1023 1812; x_wconf 75' lang='lat' dir='ltr'>Rob.</span> <span class='ocrx_word' id='word_1_93' title='bbox 1043 1744 1201 1833; x_wconf 81' lang='lat' dir='ltr'>adscripto</span> <span class='ocrx_word' id='word_1_94' title='bbox 1221 1744 1254 1810; x_wconf 86' lang='lat' dir='ltr'>in</span> 
     </span>
     <span class='ocr_line' id='line_1_15' title="bbox 156 1851 466 1935; baseline 0.003 -2"><span class='ocrx_word' id='word_1_95' title='bbox 156 1852 205 1915; x_wconf 88' lang='lat' dir='ltr'>M.</span> <span class='ocrx_word' id='word_1_96' title='bbox 220 1877 270 1933; x_wconf 75' lang='grc' dir='ltr'>ιν·</span> <span class='ocrx_word' id='word_1_97' title='bbox 285 1851 466 1935; x_wconf 72' lang='grc' dir='ltr'>φνίόνοναν·</span> 
     </span>
    </p>

    <p class='ocr_par' dir='ltr' id='par_1_11' title="bbox 202 1948 1255 2040">
     <span class='ocr_line' id='line_1_16' title="bbox 202 1948 1255 2040; baseline 0.001 -26"><span class='ocrx_word' id='word_1_98' title='bbox 202 1971 250 2036; x_wconf 84' lang='lat'>13·</span> <span class='ocrx_word' id='word_1_99' title='bbox 266 1953 337 2018; x_wconf 85' lang='grc' dir='ltr'>τάδε</span> <span class='ocrx_word' id='word_1_100' title='bbox 349 1953 560 2038; x_wconf 73' lang='grc' dir='ltr'>πεσσονομῶν]</span> <span class='ocrx_word' id='word_1_101' title='bbox 575 1954 657 2017; x_wconf 81' lang='lat' dir='ltr'>Haec</span> <span class='ocrx_word' id='word_1_102' title='bbox 664 1956 833 2040; x_wconf 76' lang='lat' dir='ltr'>pensitans</span> <span class='ocrx_word' id='word_1_103' title='bbox 844 1950 933 2038; x_wconf 83' lang='lat' dir='ltr'>quasi</span> <span class='ocrx_word' id='word_1_104' title='bbox 944 1949 1071 2014; x_wconf 86' lang='lat' dir='ltr'>calculis</span> <span class='ocrx_word' id='word_1_105' title='bbox 1081 1948 1255 2015; x_wconf 85' lang='lat' dir='ltr'>subductis.</span> 
     </span>
    </p>

    <p class='ocr_par' dir='ltr' id='par_1_12' title="bbox 156 2108 1259 2853">
     <span class='ocr_line' id='line_1_17' title="bbox 203 2108 1257 2244; baseline -0.001 -25"><span class='ocrx_word' id='word_1_106' title='bbox 203 2174 253 2236; x_wconf 90' lang='lat'>14.</span> <span class='ocrx_word' id='word_1_107' title='bbox 276 2156 385 2220; x_wconf 74' lang='grc' dir='ltr'>κύδιστ’</span> <span class='ocrx_word' id='word_1_108' title='bbox 405 2158 506 2242; x_wconf 69' lang='grc' dir='ltr'>ἀχέων</span> <span class='ocrx_word' id='word_1_109' title='bbox 527 2108 655 2242; x_wconf 54' lang='grc' dir='ltr'>(δχοῗίων</span> <span class='ocrx_word' id='word_1_110' title='bbox 680 2161 747 2244; x_wconf 89' lang='grc' dir='ltr'>Μ.)</span> <span class='ocrx_word' id='word_1_111' title='bbox 770 2157 925 2243; x_wconf 61' lang='grc' dir='ltr'>ἐπέκρανε]</span> <span class='ocrx_word' id='word_1_112' title='bbox 947 2154 1140 2222; x_wconf 73' lang='lat' dir='ltr'>Sententiam</span> <span class='ocrx_word' id='word_1_113' title='bbox 1160 2154 1257 2241; x_wconf 79' lang='lat' dir='ltr'>hujus</span> 
     </span>
     <span class='ocr_line' id='line_1_18' title="bbox 157 2255 1258 2346; baseline 0.002 -27"><span class='ocrx_word' id='word_1_114' title='bbox 157 2256 215 2320; x_wconf 87' lang='lat' dir='ltr'>loci</span> <span class='ocrx_word' id='word_1_115' title='bbox 229 2257 346 2343; x_wconf 89' lang='lat' dir='ltr'>optime</span> <span class='ocrx_word' id='word_1_116' title='bbox 367 2258 513 2344; x_wconf 84' lang='lat' dir='ltr'>exposuit</span> <span class='ocrx_word' id='word_1_117' title='bbox 534 2258 723 2337; x_wconf 75' lang='lat' dir='ltr'>scholiastes,</span> <span class='ocrx_word' id='word_1_118' title='bbox 738 2281 931 2346; x_wconf 85' lang='lat' dir='ltr'>quamquam</span> <span class='ocrx_word' id='word_1_119' title='bbox 952 2259 1022 2344; x_wconf 88' lang='lat' dir='ltr'>ejus</span> <span class='ocrx_word' id='word_1_120' title='bbox 1042 2255 1258 2344; x_wconf 66' lang='lat' dir='ltr'>interpretatio</span> 
     </span>
     <span class='ocr_line' id='line_1_19' title="bbox 156 2358 1258 2447; baseline -0.001 -22"><span class='ocrx_word' id='word_1_121' title='bbox 156 2383 319 2447; x_wconf 87' lang='lat' dir='ltr'>perperam</span> <span class='ocrx_word' id='word_1_122' title='bbox 344 2359 385 2424; x_wconf 82' lang='lat' dir='ltr'>ad</span> <span class='ocrx_word' id='word_1_123' title='bbox 411 2383 441 2426; x_wconf 85' lang='lat' dir='ltr'>v.</span> <span class='ocrx_word' id='word_1_124' title='bbox 463 2377 492 2426; x_wconf 86' lang='lat'>2.</span> <span class='ocrx_word' id='word_1_125' title='bbox 519 2360 683 2425; x_wconf 84' lang='lat' dir='ltr'>referatur.</span> <span class='ocrx_word' id='word_1_126' title='bbox 728 2362 804 2425; x_wconf 91' lang='lat' dir='ltr'>Duo</span> <span class='ocrx_word' id='word_1_127' title='bbox 826 2358 1258 2445; x_wconf 72' lang='grc' dir='ltr'>οοί1.οτοοῑίίχεα,οορῖίω</span> 
     </span>
     <span class='ocr_line' id='line_1_20' title="bbox 156 2459 1258 2550; baseline 0 -25"><span class='ocrx_word' id='word_1_128' title='bbox 156 2462 282 2527; x_wconf 80' lang='lat' dir='ltr'>incestae</span> <span class='ocrx_word' id='word_1_129' title='bbox 303 2477 335 2526; x_wconf 87' lang='lat' dir='ltr'>et</span> <span class='ocrx_word' id='word_1_130' title='bbox 355 2460 494 2526; x_wconf 86' lang='lat' dir='ltr'>exilium.</span> <span class='ocrx_word' id='word_1_131' title='bbox 540 2460 603 2526; x_wconf 92' lang='lat' dir='ltr'>His</span> <span class='ocrx_word' id='word_1_132' title='bbox 624 2460 787 2550; x_wconf 81' lang='lat' dir='ltr'>pensitatis</span> <span class='ocrx_word' id='word_1_133' title='bbox 809 2462 940 2526; x_wconf 89' lang='lat' dir='ltr'>Danaus</span> <span class='ocrx_word' id='word_1_134' title='bbox 959 2463 1035 2547; x_wconf 75' lang='grc' dir='ltr'>ἄχος</span> <span class='ocrx_word' id='word_1_135' title='bbox 1056 2461 1147 2540; x_wconf 90' lang='lat' dir='ltr'>illud,</span> <span class='ocrx_word' id='word_1_136' title='bbox 1169 2459 1258 2549; x_wconf 91' lang='lat' dir='ltr'>quod</span> 
     </span>
     <span class='ocr_line' id='line_1_21' title="bbox 156 2561 1259 2653; baseline -0.003 -24"><span class='ocrx_word' id='word_1_137' title='bbox 156 2587 259 2652; x_wconf 89' lang='lat' dir='ltr'>neque</span> <span class='ocrx_word' id='word_1_138' title='bbox 284 2563 432 2651; x_wconf 77' lang='lat' dir='ltr'>pietatem</span> <span class='ocrx_word' id='word_1_139' title='bbox 454 2584 558 2649; x_wconf 88' lang='lat' dir='ltr'>neque</span> <span class='ocrx_word' id='word_1_140' title='bbox 579 2562 696 2628; x_wconf 84' lang='lat' dir='ltr'>famam</span> <span class='ocrx_word' id='word_1_141' title='bbox 719 2563 869 2643; x_wconf 73' lang='lat' dir='ltr'>violabat,</span> <span class='ocrx_word' id='word_1_142' title='bbox 897 2564 1037 2653; x_wconf 76' lang='lat' dir='ltr'>praetulit</span> <span class='ocrx_word' id='word_1_143' title='bbox 1060 2587 1097 2628; x_wconf 83' lang='lat' dir='ltr'>ac</span> <span class='ocrx_word' id='word_1_144' title='bbox 1121 2561 1259 2628; x_wconf 82' lang='lat' dir='ltr'>decrevit</span> 
     </span>
     <span class='ocr_line' id='line_1_22' title="bbox 157 2663 1258 2753; baseline 0 -23"><span class='ocrx_word' id='word_1_145' title='bbox 157 2666 370 2744; x_wconf 89' lang='lat' dir='ltr'>subeundum,</span> <span class='ocrx_word' id='word_1_146' title='bbox 393 2664 522 2730; x_wconf 85' lang='lat' dir='ltr'>exilium</span> <span class='ocrx_word' id='word_1_147' title='bbox 545 2665 680 2741; x_wconf 78' lang='lat' dir='ltr'>soilicet3</span> <span class='ocrx_word' id='word_1_148' title='bbox 703 2665 792 2753; x_wconf 89' lang='lat' dir='ltr'>quod</span> <span class='ocrx_word' id='word_1_149' title='bbox 814 2666 912 2753; x_wconf 82' lang='lat' dir='ltr'>igitur</span> <span class='ocrx_word' id='word_1_150' title='bbox 935 2665 986 2730; x_wconf 86' lang='lat' dir='ltr'>hio</span> <span class='ocrx_word' id='word_1_151' title='bbox 1009 2665 1125 2732; x_wconf 88' lang='lat' dir='ltr'>dicitur</span> <span class='ocrx_word' id='word_1_152' title='bbox 1147 2663 1258 2731; x_wconf 79' lang='grc' dir='ltr'>κύδιστ’</span> 
     </span>
     <span class='ocr_line' id='line_1_23' title="bbox 157 2767 1010 2853; baseline 0 -20"><span class='ocrx_word' id='word_1_153' title='bbox 157 2769 257 2853; x_wconf 82' lang='grc' dir='ltr'>ἀχέων</span> <span class='ocrx_word' id='word_1_154' title='bbox 271 2791 311 2834; x_wconf 76' lang='lat' dir='ltr'>ea·</span> <span class='ocrx_word' id='word_1_155' title='bbox 325 2768 559 2833; x_wconf 74' lang='lat' dir='ltr'>calamitatibus</span> <span class='ocrx_word' id='word_1_156' title='bbox 571 2767 801 2835; x_wconf 69' lang='lat' dir='ltr'>bonottssima.</span> <span class='ocrx_word' id='word_1_157' title='bbox 827 2768 1010 2833; x_wconf 82' lang='lat' dir='ltr'><strong>HEATH.</strong></span> 
     </span>
    </p>

    <p class='ocr_par' dir='ltr' id='par_1_13' title="bbox 203 2871 539 2957">
     <span class='ocr_line' id='line_1_24' title="bbox 203 2871 539 2957; baseline 0 -21"><span class='ocrx_word' id='word_1_158' title='bbox 203 2892 216 2936; x_wconf 82' lang='grc' dir='ltr'>ι</span> <span class='ocrx_word' id='word_1_159' title='bbox 220 2894 251 2957; x_wconf 86' lang='lat'>5.</span> <span class='ocrx_word' id='word_1_160' title='bbox 268 2871 329 2957; x_wconf 79' lang='grc' dir='ltr'>διδ]</span> <span class='ocrx_word' id='word_1_161' title='bbox 344 2874 377 2936; x_wconf 82' lang='grc' dir='ltr'>δὲ</span> <span class='ocrx_word' id='word_1_162' title='bbox 391 2874 441 2936; x_wconf 79' lang='grc' dir='ltr'>διὰ</span> <span class='ocrx_word' id='word_1_163' title='bbox 454 2872 539 2937; x_wconf 86' lang='lat' dir='ltr'>Rob.</span> 
     </span>
    </p>

    <p class='ocr_par' dir='ltr' id='par_1_14' title="bbox 201 2971 1258 3055">
     <span class='ocr_line' id='line_1_25' title="bbox 201 2971 1258 3055; baseline -0.003 -17"><span class='ocrx_word' id='word_1_164' title='bbox 201 2974 264 3055; x_wconf 79' lang='grc' dir='ltr'>κῦμ’</span> <span class='ocrx_word' id='word_1_165' title='bbox 280 2975 368 3039; x_wconf 72' lang='grc' dir='ltr'>ἅλιον</span> <span class='ocrx_word' id='word_1_166' title='bbox 382 2975 548 3040; x_wconf 76' lang='lat' dir='ltr'>canterus.</span> <span class='ocrx_word' id='word_1_167' title='bbox 571 2974 743 3055; x_wconf 79' lang='grc' dir='ltr'>κνμβδλεον</span> <span class='ocrx_word' id='word_1_168' title='bbox 754 2973 804 3039; x_wconf 87' lang='lat' dir='ltr'>vel</span> <span class='ocrx_word' id='word_1_169' title='bbox 818 2973 993 3055; x_wconf 74' lang='grc' dir='ltr'>κνμβαλέον</span> <span class='ocrx_word' id='word_1_170' title='bbox 1004 2973 1054 3037; x_wconf 91' lang='grc' dir='ltr'>Μ.</span> <span class='ocrx_word' id='word_1_171' title='bbox 1065 2971 1143 3038; x_wconf 84' lang='lat' dir='ltr'>Ald.</span> <span class='ocrx_word' id='word_1_172' title='bbox 1154 2973 1258 3036; x_wconf 86' lang='lat' dir='ltr'>Turn.</span> 
     </span>
    </p>
   </div>
   <div class='ocr_carea' id='block_1_4' title="bbox 157 3073 1260 3242">
    <p class='ocr_par' dir='ltr' id='par_1_15' title="bbox 157 3073 1260 3242">
     <span class='ocr_line' id='line_1_26' title="bbox 158 3073 1260 3239; baseline 0 -100"><span class='ocrx_word' id='word_1_173' title='bbox 158 3074 307 3239; x_wconf 55' lang='grc' dir='ltr'>κιὲμαλέον</span> <span class='ocrx_word' id='word_1_174' title='bbox 321 3075 407 3140; x_wconf 90' lang='lat' dir='ltr'>Rob.</span> <span class='ocrx_word' id='word_1_175' title='bbox 422 3099 463 3140; x_wconf 86' lang='lat' dir='ltr'>ex</span> <span class='ocrx_word' id='word_1_176' title='bbox 477 3098 535 3141; x_wconf 83' lang='lat' dir='ltr'>sua</span> <span class='ocrx_word' id='word_1_177' title='bbox 548 3075 647 3162; x_wconf 82' lang='lat' dir='ltr'>ipsius</span> <span class='ocrx_word' id='word_1_178' title='bbox 659 3075 856 3163; x_wconf 77' lang='lat' dir='ltr'>conjectura:</span> <span class='ocrx_word' id='word_1_179' title='bbox 879 3097 951 3139; x_wconf 85' lang='lat' dir='ltr'>nam</span> <span class='ocrx_word' id='word_1_180' title='bbox 966 3073 1066 3140; x_wconf 86' lang='lat' dir='ltr'>oodex</span> <span class='ocrx_word' id='word_1_181' title='bbox 1083 3075 1153 3160; x_wconf 87' lang='lat' dir='ltr'>ejus</span> <span class='ocrx_word' id='word_1_182' title='bbox 1167 3082 1260 3155; x_wconf 85' lang='grc' dir='ltr'>κνβο·</span> 
     </span>
     <span class='ocr_line' id='line_1_27' title="bbox 157 3183 247 3242; baseline 0.033 -3"><span class='ocrx_word' id='word_1_183' title='bbox 157 3183 178 3239; x_wconf 99' lang='grc' dir='ltr'>λ</span> <span class='ocrx_word' id='word_1_184' title='bbox 196 3202 247 3242; x_wconf 84' lang='grc' dir='ltr'>ων.</span> 
     </span>
    </p>
   </div>
   <div class='ocr_carea' id='block_1_5' title="bbox 159 3275 1260 3548">
    <p class='ocr_par' dir='ltr' id='par_1_16' title="bbox 159 3275 1260 3548">
     <span class='ocr_line' id='line_1_28' title="bbox 204 3275 1258 3365; baseline -0.001 -22"><span class='ocrx_word' id='word_1_185' title='bbox 204 3279 256 3343; x_wconf 89' lang='lat'>16.</span> <span class='ocrx_word' id='word_1_186' title='bbox 271 3275 379 3342; x_wconf 79' lang='grc' dir='ltr'>κέλσαι</span> <span class='ocrx_word' id='word_1_187' title='bbox 394 3277 480 3343; x_wconf 88' lang='lat' dir='ltr'>Rob.</span> <span class='ocrx_word' id='word_1_188' title='bbox 492 3301 532 3342; x_wconf 85' lang='lat' dir='ltr'>ex</span> <span class='ocrx_word' id='word_1_189' title='bbox 546 3277 730 3365; x_wconf 78' lang='lat' dir='ltr'>conjectura</span> <span class='ocrx_word' id='word_1_190' title='bbox 743 3276 894 3364; x_wconf 88' lang='lat' dir='ltr'>Sophiani</span> <span class='ocrx_word' id='word_1_191' title='bbox 907 3292 940 3342; x_wconf 85' lang='lat' dir='ltr'>et</span> <span class='ocrx_word' id='word_1_192' title='bbox 955 3277 1065 3364; x_wconf 86' lang='lat' dir='ltr'>Steph.</span> <span class='ocrx_word' id='word_1_193' title='bbox 1090 3277 1197 3342; x_wconf 72' lang='grc' dir='ltr'>κέασαν</span> <span class='ocrx_word' id='word_1_194' title='bbox 1208 3277 1258 3342; x_wconf 91' lang='grc' dir='ltr'>Μ.</span> 
     </span>
     <span class='ocr_line' id='line_1_29' title="bbox 159 3377 1260 3464; baseline -0.002 -19"><span class='ocrx_word' id='word_1_195' title='bbox 159 3382 233 3445; x_wconf 87' lang='lat' dir='ltr'>Par.</span> <span class='ocrx_word' id='word_1_196' title='bbox 253 3394 286 3444; x_wconf 89' lang='lat' dir='ltr'>et</span> <span class='ocrx_word' id='word_1_197' title='bbox 303 3378 403 3445; x_wconf 80' lang='lat' dir='ltr'>oodex</span> <span class='ocrx_word' id='word_1_198' title='bbox 426 3379 611 3445; x_wconf 82' lang='lat' dir='ltr'>Robortelli.</span> <span class='ocrx_word' id='word_1_199' title='bbox 643 3381 747 3446; x_wconf 83' lang='grc' dir='ltr'>κείασε</span> <span class='ocrx_word' id='word_1_200' title='bbox 767 3378 877 3444; x_wconf 80' lang='lat' dir='ltr'>Guelf.</span> <span class='ocrx_word' id='word_1_201' title='bbox 913 3381 1020 3444; x_wconf 83' lang='grc' dir='ltr'>καίοσε</span> <span class='ocrx_word' id='word_1_202' title='bbox 1035 3377 1114 3443; x_wconf 87' lang='lat' dir='ltr'>Ald.</span> <span class='ocrx_word' id='word_1_203' title='bbox 1136 3400 1176 3442; x_wconf 80' lang='lat' dir='ltr'>ex</span> <span class='ocrx_word' id='word_1_204' title='bbox 1193 3401 1260 3464; x_wconf 89' lang='lat' dir='ltr'>quo</span> 
     </span>
     <span class='ocr_line' id='line_1_30' title="bbox 160 3483 496 3548; baseline -0.003 -1"><span class='ocrx_word' id='word_1_205' title='bbox 160 3483 290 3548; x_wconf 80' lang='grc' dir='ltr'>κόλεσεν</span> <span class='ocrx_word' id='word_1_206' title='bbox 303 3483 379 3548; x_wconf 81' lang='lat' dir='ltr'>fecit</span> <span class='ocrx_word' id='word_1_207' title='bbox 393 3484 496 3548; x_wconf 89' lang='lat' dir='ltr'>Turn.</span> 
     </span>
    </p>
   </div>
   <div class='ocr_carea' id='block_1_6' title="bbox 160 3579 1259 4585">
    <p class='ocr_par' dir='ltr' id='par_1_17' title="bbox 160 3579 1257 3769">
     <span class='ocr_line' id='line_1_31' title="bbox 205 3579 1257 3671; baseline -0.001 -23"><span class='ocrx_word' id='word_1_208' title='bbox 205 3601 255 3668; x_wconf 85' lang='lat'>17.</span> <span class='ocrx_word' id='word_1_209' title='bbox 278 3584 468 3667; x_wconf 82' lang='grc' dir='ltr'>οίστροδδνον</span> <span class='ocrx_word' id='word_1_210' title='bbox 483 3586 587 3650; x_wconf 88' lang='lat' dir='ltr'>Turn.</span> <span class='ocrx_word' id='word_1_211' title='bbox 603 3582 712 3671; x_wconf 82' lang='lat' dir='ltr'>Steph.</span> <span class='ocrx_word' id='word_1_212' title='bbox 743 3579 936 3664; x_wconf 74' lang='grc' dir='ltr'>οἰστροδόμον</span> <span class='ocrx_word' id='word_1_213' title='bbox 954 3579 1063 3646; x_wconf 80' lang='lat' dir='ltr'>Guelf.</span> <span class='ocrx_word' id='word_1_214' title='bbox 1078 3579 1156 3646; x_wconf 88' lang='lat' dir='ltr'>Ald.</span> <span class='ocrx_word' id='word_1_215' title='bbox 1173 3581 1257 3647; x_wconf 84' lang='lat' dir='ltr'>Rob.</span> 
     </span>
     <span class='ocr_line' id='line_1_32' title="bbox 160 3684 442 3769; baseline 0.007 -18"><span class='ocrx_word' id='word_1_216' title='bbox 160 3684 355 3769; x_wconf 80' lang='grc' dir='ltr'>οἰστρόδομον</span> <span class='ocrx_word' id='word_1_217' title='bbox 368 3690 442 3753; x_wconf 79' lang='lat' dir='ltr'>Par.</span> 
     </span>
    </p>

    <p class='ocr_par' dir='ltr' id='par_1_18' title="bbox 207 3784 1216 3878">
     <span class='ocr_line' id='line_1_33' title="bbox 207 3784 1216 3878; baseline 0 -26"><span class='ocrx_word' id='word_1_218' title='bbox 207 3790 256 3854; x_wconf 86' lang='lat'>18.</span> <span class='ocrx_word' id='word_1_219' title='bbox 273 3791 439 3878; x_wconf 73' lang='grc' dir='ltr'>ἐπιπνοίας]</span> <span class='ocrx_word' id='word_1_220' title='bbox 455 3792 587 3858; x_wconf 74' lang='grc' dir='ltr'>ἐπινοίας</span> <span class='ocrx_word' id='word_1_221' title='bbox 599 3789 651 3854; x_wconf 93' lang='grc' dir='ltr'>Μ.</span> <span class='ocrx_word' id='word_1_222' title='bbox 665 3786 776 3854; x_wconf 87' lang='lat' dir='ltr'>Guelf.</span> <span class='ocrx_word' id='word_1_223' title='bbox 791 3785 870 3852; x_wconf 88' lang='lat' dir='ltr'>Ald.</span> <span class='ocrx_word' id='word_1_224' title='bbox 885 3784 970 3852; x_wconf 88' lang='lat' dir='ltr'>Rob.</span> <span class='ocrx_word' id='word_1_225' title='bbox 1007 3785 1102 3852; x_wconf 86' lang='lat' dir='ltr'>Conf.</span> <span class='ocrx_word' id='word_1_226' title='bbox 1117 3809 1146 3850; x_wconf 85' lang='lat' dir='ltr'>v.</span> <span class='ocrx_word' id='word_1_227' title='bbox 1157 3803 1216 3871; x_wconf 78' lang='grc'>45.</span> 
     </span>
    </p>

    <p class='ocr_par' dir='ltr' id='par_1_19' title="bbox 162 3887 1257 4083">
     <span class='ocr_line' id='line_1_34' title="bbox 205 3887 1257 3980; baseline -0.004 -20"><span class='ocrx_word' id='word_1_228' title='bbox 205 3912 258 3960; x_wconf 86' lang='lat'>20.</span> <span class='ocrx_word' id='word_1_229' title='bbox 282 3895 337 3958; x_wconf 87' lang='grc' dir='ltr'>τίν’</span> <span class='ocrx_word' id='word_1_230' title='bbox 360 3892 399 3958; x_wconf 81' lang='grc' dir='ltr'>δν</span> <span class='ocrx_word' id='word_1_231' title='bbox 428 3895 481 3959; x_wconf 79' lang='grc' dir='ltr'>σιἰν</span> <span class='ocrx_word' id='word_1_232' title='bbox 503 3890 686 3980; x_wconf 83' lang='lat' dir='ltr'>Burgesius.</span> <span class='ocrx_word' id='word_1_233' title='bbox 719 3891 786 3956; x_wconf 89' lang='grc' dir='ltr'>τίνα</span> <span class='ocrx_word' id='word_1_234' title='bbox 814 3889 868 3954; x_wconf 72' lang='lat' dir='ltr'>etv</span> <span class='ocrx_word' id='word_1_235' title='bbox 893 3887 976 3969; x_wconf 85' lang='lat' dir='ltr'>libri,</span> <span class='ocrx_word' id='word_1_236' title='bbox 998 3912 1039 3954; x_wconf 83' lang='lat' dir='ltr'>ex</span> <span class='ocrx_word' id='word_1_237' title='bbox 1063 3911 1129 3977; x_wconf 91' lang='lat' dir='ltr'>quo</span> <span class='ocrx_word' id='word_1_238' title='bbox 1153 3890 1257 3956; x_wconf 83' lang='lat' dir='ltr'>Turn.</span> 
     </span>
     <span class='ocr_line' id='line_1_35' title="bbox 162 3995 615 4083; baseline -0.002 -24"><span class='ocrx_word' id='word_1_239' title='bbox 162 3995 272 4083; x_wconf 89' lang='lat' dir='ltr'>Steph.</span> <span class='ocrx_word' id='word_1_240' title='bbox 293 3998 360 4062; x_wconf 86' lang='grc' dir='ltr'>τίνα</span> <span class='ocrx_word' id='word_1_241' title='bbox 374 4001 449 4080; x_wconf 85' lang='grc' dir='ltr'>γοῦν</span> <span class='ocrx_word' id='word_1_242' title='bbox 463 3996 615 4061; x_wconf 86' lang='lat' dir='ltr'>feoerunt.</span> 
     </span>
    </p>

    <p class='ocr_par' dir='ltr' id='par_1_20' title="bbox 205 4092 990 4184">
     <span class='ocr_line' id='line_1_36' title="bbox 205 4092 990 4184; baseline -0.008 -21"><span class='ocrx_word' id='word_1_243' title='bbox 205 4116 256 4182; x_wconf 85' lang='lat'>23.</span> <span class='ocrx_word' id='word_1_244' title='bbox 269 4097 487 4178; x_wconf 76' lang='grc' dir='ltr'>ἐριοστέπτοισι</span> <span class='ocrx_word' id='word_1_245' title='bbox 502 4096 651 4184; x_wconf 81' lang='lat' dir='ltr'>Scaliger.</span> <span class='ocrx_word' id='word_1_246' title='bbox 675 4093 894 4177; x_wconf 77' lang='lat' dir='ltr'>iepoore‘mowt</span> <span class='ocrx_word' id='word_1_247' title='bbox 907 4092 990 4158; x_wconf 87' lang='lat' dir='ltr'>libri.</span> 
     </span>
    </p>

    <p class='ocr_par' dir='ltr' id='par_1_21' title="bbox 206 4194 1084 4285">
     <span class='ocr_line' id='line_1_37' title="bbox 206 4194 1084 4285; baseline -0.002 -22"><span class='ocrx_word' id='word_1_248' title='bbox 206 4216 258 4278; x_wconf 81' lang='lat'>24·</span> <span class='ocrx_word' id='word_1_249' title='bbox 273 4201 315 4262; x_wconf 83' lang='grc' dir='ltr'>ὦν</span> <span class='ocrx_word' id='word_1_250' title='bbox 328 4197 416 4267; x_wconf 81' lang='grc' dir='ltr'>πόλις</span> <span class='ocrx_word' id='word_1_251' title='bbox 429 4202 472 4264; x_wconf 81' lang='grc' dir='ltr'>ὧν</span> <span class='ocrx_word' id='word_1_252' title='bbox 484 4199 535 4285; x_wconf 73' lang='grc' dir='ltr'>γῆ]</span> <span class='ocrx_word' id='word_1_253' title='bbox 551 4200 574 4262; x_wconf 74' lang='grc' dir='ltr'><strong>ὦ</strong></span> <span class='ocrx_word' id='word_1_254' title='bbox 589 4196 678 4266; x_wconf 79' lang='grc' dir='ltr'>πόλις</span> <span class='ocrx_word' id='word_1_255' title='bbox 691 4195 717 4261; x_wconf 72' lang='grc' dir='ltr'>ν’)</span> <span class='ocrx_word' id='word_1_256' title='bbox 731 4200 770 4280; x_wconf 79' lang='grc' dir='ltr'>γῆ</span> <span class='ocrx_word' id='word_1_257' title='bbox 783 4195 883 4262; x_wconf 85' lang='lat' dir='ltr'>oodex</span> <span class='ocrx_word' id='word_1_258' title='bbox 898 4194 1084 4262; x_wconf 81' lang='lat' dir='ltr'>Robortelli.</span> 
     </span>
    </p>

    <p class='ocr_par' dir='ltr' id='par_1_22' title="bbox 204 4296 1038 4388">
     <span class='ocr_line' id='line_1_38' title="bbox 204 4296 1038 4388; baseline -0.002 -25"><span class='ocrx_word' id='word_1_259' title='bbox 204 4303 243 4380; x_wconf 75' lang='grc' dir='ltr'>γῆ</span> <span class='ocrx_word' id='word_1_260' title='bbox 258 4301 306 4363; x_wconf 84' lang='grc' dir='ltr'>καὶ</span> <span class='ocrx_word' id='word_1_261' title='bbox 321 4300 405 4365; x_wconf 88' lang='lat' dir='ltr'>Rob.</span> <span class='ocrx_word' id='word_1_262' title='bbox 422 4299 532 4388; x_wconf 87' lang='lat' dir='ltr'>Steph.</span> <span class='ocrx_word' id='word_1_263' title='bbox 554 4304 619 4383; x_wconf 57' lang='lat' dir='ltr'>wis,</span> <span class='ocrx_word' id='word_1_264' title='bbox 634 4299 749 4365; x_wconf 90' lang='lat' dir='ltr'>omisso</span> <span class='ocrx_word' id='word_1_265' title='bbox 764 4300 822 4374; x_wconf 79' lang='grc' dir='ltr'>καὶ,</span> <span class='ocrx_word' id='word_1_266' title='bbox 838 4296 917 4364; x_wconf 89' lang='lat' dir='ltr'>Ald.</span> <span class='ocrx_word' id='word_1_267' title='bbox 934 4298 1038 4362; x_wconf 83' lang='lat' dir='ltr'>Turn.</span> 
     </span>
    </p>

    <p class='ocr_par' dir='ltr' id='par_1_23' title="bbox 163 4397 1259 4585">
     <span class='ocr_line' id='line_1_39' title="bbox 203 4397 1259 4482; baseline 0.001 -21"><span class='ocrx_word' id='word_1_268' title='bbox 203 4399 313 4464; x_wconf 84' lang='grc' dir='ltr'>λευκὸν</span> <span class='ocrx_word' id='word_1_269' title='bbox 333 4403 410 4482; x_wconf 70' lang='grc' dir='ltr'>ὕδωρ</span> <span class='ocrx_word' id='word_1_270' title='bbox 431 4400 602 4466; x_wconf 82' lang='lat' dir='ltr'>imitatione</span> <span class='ocrx_word' id='word_1_271' title='bbox 622 4400 756 4466; x_wconf 86' lang='lat' dir='ltr'>Homeri</span> <span class='ocrx_word' id='word_1_272' title='bbox 768 4399 871 4465; x_wconf 83' lang='lat' dir='ltr'>dixit:</span> <span class='ocrx_word' id='word_1_273' title='bbox 894 4421 926 4462; x_wconf 84' lang='lat' dir='ltr'>v.</span> <span class='ocrx_word' id='word_1_274' title='bbox 943 4397 985 4464; x_wconf 89' lang='lat'>11.</span> <span class='ocrx_word' id='word_1_275' title='bbox 998 4404 1037 4478; x_wconf 74' lang='grc' dir='ltr'>Ψ,</span> <span class='ocrx_word' id='word_1_276' title='bbox 1054 4399 1128 4467; x_wconf 73' lang='grc' dir='ltr'>αδο.</span> <span class='ocrx_word' id='word_1_277' title='bbox 1143 4397 1205 4463; x_wconf 89' lang='lat' dir='ltr'>od.</span> <span class='ocrx_word' id='word_1_278' title='bbox 1221 4401 1259 4477; x_wconf 77' lang='grc' dir='ltr'>Ε,</span> 
     </span>
     <span class='ocr_line' id='line_1_40' title="bbox 163 4502 472 4585; baseline -0.006 -18"><span class='ocrx_word' id='word_1_279' title='bbox 163 4520 214 4585; x_wconf 84' lang='lat'>70.</span> <span class='ocrx_word' id='word_1_280' title='bbox 237 4502 472 4567; x_wconf 86' lang='lat' dir='ltr'><strong>ABRESCH.</strong></span> 
     </span>
    </p>
   </div>
   <div class='ocr_carea' id='block_1_7' title="bbox 684 4620 743 4682">
    <p class='ocr_par' dir='ltr' id='par_1_24' title="bbox 684 4620 743 4682">
     <span class='ocr_line' id='line_1_41' title="bbox 684 4620 743 4682; baseline 0 -17"><span class='ocrx_word' id='word_1_281' title='bbox 684 4620 743 4682; x_wconf 74' lang='lat'>41)</span> 
     </span>
    </p>
   </div>
   <div class='ocr_carea' id='block_1_8' title="bbox 0 0 1512 5054">
    <p class='ocr_par' dir='ltr' id='par_1_25' title="bbox 0 0 1512 5054">
     <span class='ocr_line' id='line_1_42' title="bbox 0 0 1512 5054; baseline 0 0"><span class='ocrx_word' id='word_1_282' title='bbox 0 0 1512 5054; x_wconf 95' lang='lat' dir='ltr'> </span> 
     </span>
    </p>
   </div>
  </div>
 </body>
</html>
