2984 5054
562 1001 1054 1099 SUPPLICES.

695 1294 912 1327 ψ

254 1500 504 1583 ARGUMEN
507 1516 616 1580 TUM
632 1516 727 1603 hujus
743 1515 904 1603 tragoediae
918 1513 1052 1579 excidit:
1077 1513 1191 1602 poterit
1203 1536 1277 1577 vero
1288 1513 1356 1600 peti

254 1640 294 1681 ex
309 1618 505 1707 Apollodoro
522 1638 552 1695 ι,
571 1638 598 1681 1.
616 1617 758 1682 Zenobio
774 1636 805 1696 2,
817 1619 847 1681 6.
863 1615 1033 1681 Eustatbio
1054 1615 1085 1679 in
1103 1617 1292 1693 Homerum,
1303 1616 1355 1680 vel

254 1718 390 1806 denique
412 1742 451 1783 ex
474 1719 635 1784 scholiasta
655 1719 688 1783 in
703 1719 929 1784 Prometheum
945 1742 973 1781 v.
990 1720 1064 1803 852.
1100 1719 1256 1806 Epaphus
1269 1717 1355 1784 filius

254 1823 278 1884 J
280 1821 345 1885 ovis
358 1836 390 1885 et
406 1823 474 1899 Ius,
488 1844 508 1885 a
528 1836 671 1885 contactu
689 1823 713 1884 J
715 1820 781 1885 ovis
798 1819 910 1898 dictus,
930 1818 1040 1908 genuit
1059 1819 1185 1900 Belum,
1200 1820 1256 1907 qui
1270 1821 1354 1885 duos

253 1922 334 1986 filios
348 1922 657 2010 habuit,AEgyptum
668 1935 700 1987 et
710 1924 869 1987 Danaum.
892 1922 1029 2009 AEgypti
1042 1936 1149 1987 autem
1160 1941 1248 1988 erant
1258 1923 1351 2010 quin-

253 2024 404 2112 quaginta
428 2024 492 2104 filii,
518 2040 550 2089 et
575 2024 679 2088 Danai
705 2024 834 2089 totidem
861 2024 950 2098 filiae;
984 2026 1149 2112 AEgyptus
1172 2039 1287 2099 autem,
1315 2039 1353 2090 ut

252 2147 385 2213 regnum
399 2126 504 2191 fratris
517 2125 558 2190 ad
574 2150 606 2191 se
617 2141 781 2206 averteret,
794 2126 941 2214 cupiebat
955 2149 1027 2190 suos
1040 2125 1121 2190 filios
1137 2149 1209 2192 cum
1223 2142 1352 2215 patrue-

253 2227 336 2294 libus
360 2228 510 2294 uxoribus
535 2229 744 2316 conjungere;
769 2228 854 2315 quod
881 2228 946 2316 ipse
969 2229 1100 2293 Danaus
1122 2228 1152 2292 ei
1176 2227 1352 2307 recusabat,

253 2331 366 2418 partim
381 2331 422 2396 ob
437 2353 581 2418 regnum,
603 2329 717 2418 partim
738 2330 780 2394 ob
798 2330 972 2418 periculum
994 2329 1088 2408 necis,
1103 2352 1198 2416 quam
1222 2329 1280 2394 sibi
1301 2331 1351 2395 in-

252 2451 334 2500 stare
356 2436 397 2500 ab
421 2459 484 2499 uno
510 2435 645 2500 filiorum
669 2435 784 2513 fratris,
810 2435 850 2499 ab
875 2434 1001 2500 oraculo
1023 2450 1219 2522 cognoverat.
1264 2435 1350 2498 Cum

252 2552 355 2603 tamen
370 2541 534 2626 AEgyptus
547 2553 625 2602 esset
643 2538 811 2627 potentior,
826 2552 857 2602 et
872 2537 903 2601 vi
918 2537 1044 2624 adigere
1059 2539 1207 2602 Danaum
1221 2537 1263 2601 ad
1278 2559 1351 2600 con-

250 2639 399 2705 ditionem
415 2640 548 2704 filiorum
568 2639 777 2726 accipiendam
800 2651 933 2725 pararet,
949 2640 1079 2703 Danaus
1099 2638 1177 2703 filias
1198 2637 1271 2702 navi
1291 2636 1350 2703 im-

252 2743 367 2831 posuit,
393 2758 424 2807 et
448 2746 555 2829 Argos
576 2742 713 2829 aufugit,
740 2741 824 2806 unde
849 2741 1030 2807 meminerat
1055 2743 1094 2806 Io
1118 2754 1276 2807 auctorem
1300 2742 1349 2806 sui

250 2845 372 2932 generis
386 2843 460 2908 olim
475 2843 611 2919 venisse;
636 2843 691 2907 ubi
706 2857 777 2932 post
792 2843 944 2930 regnavit,
960 2858 991 2907 et
1007 2843 1126 2907 Danais
1144 2865 1256 2907 nomen
1277 2865 1297 2906 a
1316 2865 1351 2907 sc

250 2945 348 3010 dedit.
378 2945 546 3010 Inducitur
559 2945 666 3032 itaque
680 2945 794 3009 chorus
808 2945 988 3010 Danaidum
1004 2946 1245 3034 supplicantium
1261 2946 1350 3033 apud

251 3052 371 3137 Argos,
395 3062 431 3113 ut
458 3048 572 3136 Argivi
596 3047 768 3112 defendant
792 3048 859 3113 illas
882 3048 923 3114 ab
945 3048 1061 3135 injuria
1086 3046 1289 3114 violentarum
1315 3060 1349 3112 et

249 3153 436 3241 injustarum
451 3153 643 3240 nuptiarum.
668 3152 835 3218 STANL.

297 3458 325 3502 1.
349 3437 423 3505 Ζεὺς
436 3439 493 3518 μὲν
507 3435 651 3521 ἀφίκτωρ]
668 3436 864 3524 Hesychius:
888 3437 1062 3521 Ἀφίκτορο,
1078 3438 1132 3502 τὸν
1146 3437 1259 3502 ἱκέσιον
1275 3439 1346 3503 uta.

250 3539 314 3604 scil.
330 3560 400 3606 oum
416 3540 565 3622 Ἀφίκτωρ
580 3538 690 3603 dedeo
711 3538 827 3604 dicitur
844 3540 1023 3628 οινρρῑὶοιιοι
1039 3541 1209 3628 presidem
1231 3540 1346 3616 innuit,

249 3665 320 3708 cum
340 3642 381 3705 de
402 3640 527 3705 homine
541 3641 712 3728 &applicem
730 3641 843 3729 ipsum,
860 3657 896 3706 ut
910 3665 940 3705 v.
957 3644 1029 3727 256.
1052 3641 1156 3706 κλάδοι
1174 3669 1211 3724 γε
1230 3644 1287 3723 μὲν
1309 3643 1346 3722 δὴ

249 3747 324 3808 κατὰ
338 3741 445 3824 νόμους
459 3740 636 3826 ἀφικτόρων.
660 3744 828 3808 STANL.

293 3867 321 3915 2.
338 3845 450 3912 στόλον
459 3847 603 3928 ἡμέτερον
617 3845 714 3931 νάϊον]
729 3849 851 3913 Coetuan
865 3855 1009 3911 nostrum
1021 3848 1177 3924 navalem,
1192 3845 1214 3910 i.
1225 3868 1252 3910 e.
1267 3866 1346 3909 nave

247 3948 310 4013 huc
332 3950 517 4037 profectum.
542 3949 641 4013 SCH.
687 3949 726 4012 In
753 3948 874 4013 scholiis
900 3947 1060 4037 Apollonii
1086 3947 1205 4011 Rhodii
1229 3946 1345 4033 legitur

246 4051 328 4116 hanc
349 4072 469 4128 navem,
485 4072 549 4136 qua
570 4049 638 4114 istae
660 4051 820 4116 Danaides
834 4065 941 4129 vectae,
960 4050 1093 4137 primam
1107 4048 1247 4114 omnium
1263 4049 1344 4113 exti-

246 4154 319 4219 tisse
339 4176 359 4216 a
380 4154 493 4217 Danao
513 4151 710 4231 aedificatam,
725 4167 757 4218 et
775 4152 920 4218 Danaida
941 4151 1057 4217 dictam
1078 4151 1120 4216 ad
1144 4171 1174 4232 1,
1190 4172 1228 4234 4:
1253 4152 1344 4216 ἄλλοι

246 4259 279 4322 δὲ
293 4256 421 4340 λέγουσι
436 4255 560 4319 Δονοὸν
578 4253 757 4335 διωκόμενον
777 4255 835 4320 ὑπὸ
851 4257 1001 4338 Αἰγθιττον
1023 4261 1140 4337 πρῶτον
1162 4254 1344 4320 κοτοοκενθ·

247 4386 308 4434 σοι,
321 4361 391 4425 ὅθεν
407 4358 455 4423 καὶ
471 4356 583 4426 Δαναῒς
598 4356 718 4438 ἐκλήθη.
742 4357 912 4423 SPANH.

287 4482 320 4547 3.
335 4459 465 4545 ἀρθέντ’]
481 4460 609 4540 ἀρθέντα
624 4461 728 4525 Turn
753 4459 868 4542 ἆροέντ’
883 4459 955 4525 libri
970 4459 1092 4548 reliqui.
