2984 5054
500 356 568 418 AD
591 354 888 418 EUMENIDES.
1180 351 1242 416 561

190 526 263 591 682.
279 527 408 611 πρώτας]
423 533 540 608 πρῶτον
556 528 659 589 Turn.

190 631 262 715 683.
280 630 394 709 Αἰγέως
409 628 557 714 Scaliger.
581 627 679 709 Αίγέω
693 628 778 691 Rob.
805 626 901 712 Αίγέῳ
916 625 993 689 Ald.
1018 627 1127 709 Αίγείιρ
1140 627 1243 689 Τατπ.

189 730 261 810 684.
278 732 340 817 ἀεὶ]
358 732 416 795 αἰεὶ
431 729 511 794 libri.

189 838 334 896 δικαστῶν
350 834 514 896 canterus.
539 832 563 896 δ’
581 831 715 895 ἑκάστων
729 830 808 895 libri.

189 936 229 997 68
230 950 261 1018 5.
272 933 410 1018 Ἀρειον]
428 933 634 998 scribendum
650 936 749 1014 ὄρειον
764 955 835 997 cum
853 934 1047 997 Hermanno.
1096 936 1244 1019 Ineptum

145 1034 228 1098 enim
243 1050 290 1099 est
300 1034 424 1119 Ἀρειον
438 1039 524 1100 τόνδε
538 1035 610 1114 dici,
626 1058 725 1121 quum
746 1036 777 1099 in
795 1035 997 1122 sequentibus
1010 1035 1136 1100 demum
1153 1036 1247 1100 versi-

146 1135 207 1200 bus
221 1136 407 1224 explicetur,
421 1160 479 1201 cur
493 1152 582 1224 petra
596 1136 662 1200 haec
674 1135 793 1217 Ἀρειος
808 1137 847 1201 sit
862 1137 1089 1223 cognominata.

190 1239 289 1320 πάγον
317 1241 342 1302 δ’
362 1238 496 1325 Ἀρειον]
529 1239 610 1320 Quia
635 1253 706 1325 post
736 1239 803 1303 haec
832 1239 927 1303 verba
954 1239 1077 1325 longior
1105 1239 1247 1325 sequitur

147 1340 339 1427 parenthesis
355 1341 520 1405 verborum
538 1341 709 1420 Ἀμαζόνων
727 1340 955 1422 ἕδραν-πάγος
975 1339 1000 1403 τ’
1012 1339 1140 1421 Ἀρειος,
1156 1340 1247 1405 facile

148 1443 348 1508 excusabitur
362 1446 564 1508 άνακολουθία
579 1442 827 1520 constructionis,
840 1467 914 1529 quae
932 1442 1017 1506 nulla
1032 1458 1121 1516 esset,
1138 1444 1163 1506 si
1183 1458 1246 1507 eta·

148 1545 203 1608 tim
227 1546 270 1609 sic
291 1545 454 1632 incepisset
470 1543 643 1631 AEschylus
665 1542 744 1607 hanc
766 1543 931 1630 periodum
947 1546 980 1607 έν
995 1545 1027 1607 δέ
1040 1543 1126 1628 πάγῳ
1140 1543 1246 1626 Ἀρείιρ

147 1650 299 1734 τῷδε-έν
324 1650 355 1712 δέ
381 1649 421 1732 τῷ
437 1648 533 1726 σέβας
553 1661 612 1710 etc.
638 1647 737 1709 SCH.
785 1648 862 1710 Huc
884 1645 1039 1732 pertinere
1064 1643 1245 1708 Ennianum

147 1750 225 1814 illud
241 1751 452 1837 fragmentum
468 1748 606 1813 creditur
623 1753 669 1834 (p.
685 1767 756 1833 252.
774 1748 824 1812 ed.
841 1750 950 1828 Hess.)

233 1902 491 1988 Areopagiticom
505 1919 542 1961 ea
556 1898 594 1961 de
608 1920 642 1961 re
657 1907 768 1962 vocant
780 1908 915 1985 petram.
957 1898 1124 1962 STANL.

189 2069 362 2149 Ἀμαζόνων
384 2068 485 2153 έδραν]
510 2069 657 2132 Meminit
679 2082 711 2131 et
726 2067 938 2154 Etymologici
953 2082 1062 2132 auctor
1076 2090 1108 2154 p.
1128 2087 1199 2152 139,
1217 2067 1245 2128 8.

144 2171 263 2252 Ἀρειος
291 2172 395 2252 πάγος,
423 2170 611 2252 δικαστήριον
635 2171 798 2250 Ἀθήνησιν
824 2173 898 2234 οὕτω
928 2173 1114 2250 καλούμενον
1142 2171 1248 2232 brt-ol

147 2275 308 2354 Ἀμαζόνες
320 2275 368 2336 έπὶ
381 2274 435 2336 τὸν
449 2277 542 2336 τόπον
557 2275 673 2336 έκεῖνον
687 2274 898 2353 ἐστρατεύοντο
915 2271 1024 2352 Ἀρεος
1046 2272 1143 2334 οὖσαι.
1182 2272 1248 2333 Νο·

149 2376 279 2439 tandum
297 2397 369 2438 vero
383 2374 469 2460 quod
485 2373 517 2436 in
532 2373 721 2461 etymologia
736 2375 868 2437 nominis
888 2373 928 2437 ab
944 2373 1096 2460 AEscbylo
1111 2372 1245 2446 recedit;

147 2502 250 2564 neque
272 2477 353 2541 enirn
369 2479 573 2563 Areopagum
597 2476 641 2540 ita
660 2477 779 2540 dictum
801 2476 880 2553 vult,
896 2476 983 2561 quod
1005 2475 1048 2538 ibi
1071 2478 1249 2539 Amazones

149 2581 247 2646 Marti
272 2603 358 2644 sacra
379 2580 518 2651 fecerint,
547 2578 600 2642 sed
627 2579 667 2643 ab
691 2579 766 2665 ipsis
790 2577 1017 2653 Amazonibus,
1041 2592 1150 2664 utpote
1175 2600 1249 2662 quae

147 2701 248 2749 essent
266 2683 381 2747 Martis
395 2681 477 2745 lilioe.
519 2681 580 2744 Cui
594 2680 783 2766 astipulatur
797 2680 888 2743 etiam
906 2679 1095 2742 Eustatbius
1115 2679 1146 2742 in
1171 2678 1249 2743 Dio·

149 2785 228 2873 nysii
253 2784 374 2871 Perieg.
402 2808 430 2846 ν.
454 2788 530 2870 653.
555 2783 627 2866 Ἀφ’
651 2787 702 2856 ὧν,
728 2785 766 2850 ὣς
792 2786 823 2862 έξ
844 2783 952 2864 Ἀρεος
974 2783 1140 2864 ἀγομένων,
1162 2784 1210 2845 καὶ
1232 2784 1249 2844 ὁ

144 2886 265 2967 Ἀρειος
287 2888 381 2968 πάγος
404 2890 437 2951 έν
450 2885 592 2965 Ἀθήναις
609 2888 789 2968 ὠνόμασται,
811 2888 860 2949 οἶα
881 2884 969 2968 μέχρι
992 2886 1039 2949 καὶ
1063 2888 1125 2949 έκεῑ
1145 2887 1249 2948 έλθον-

149 2996 221 3054 σῶν.
262 2991 372 3075 Longe
389 3011 462 3052 vero
477 2988 567 3053 aliter
581 3011 688 3053 omnes
709 2988 774 3067 alii,
792 2989 846 3074 qui
868 2989 909 3052 ab
931 2990 999 3075 ipso
1015 2989 1122 3051 Marte
1137 3009 1248 3051 nomen

147 3091 300 3176 accepisse
316 3088 421 3167 velint,
437 3089 524 3175 quod
543 3090 698 3177 judicium
718 3089 781 3154 illic
803 3090 923 3175 primus
944 3089 1084 3153 subierit.
1130 3090 1250 3153 Pausu-

147 3193 213 3256 nias
232 3212 260 3269 1,
279 3194 328 3269 28,
345 3207 377 3276 5.
395 3190 468 3254 Καθ’
486 3192 502 3254 ὃ
519 3193 568 3256 καὶ
582 3195 599 3254 ὁ
615 3191 735 3273 Ἀρειος
755 3192 1087 3272 πάγος-καλούμενος,
1102 3193 1148 3255 ὅτι
1169 3197 1250 3272 πρῶ-

147 3320 198 3361 τος
216 3294 310 3376 Ἀρης
334 3296 461 3357 ἐνταῦθα
488 3295 596 3375 ἐκρίθη·
619 3292 669 3356 vel
694 3293 735 3356 ob
761 3291 960 3363 adulterium,
985 3293 1196 3356 OEcumenius
1217 3291 1249 3353 in

149 3400 224 3461 Act.
245 3412 294 3477 ¹7·
311 3416 364 3480 34.
382 3393 503 3475 Ἀρειος
522 3399 554 3458 δὲ
577 3395 674 3475 πάγος
690 3394 813 3475 έλέγετο
835 3397 852 3455 ό
874 3395 974 3470 τόπος,
991 3394 1091 3471 ἐπειδὴ
1111 3397 1127 3456 ὁ
1145 3392 1249 3474 Ἀρης,

148 3500 188 3565 ὥς
202 3507 289 3581 φασι,
306 3502 358 3575 τῆς
378 3498 513 3579 μοιχείας
536 3499 635 3560 έκεῐσε
656 3497 738 3562 δίκας
759 3496 858 3559 έδωκε·
884 3497 934 3558 vel
948 3495 990 3559 ob
1005 3496 1122 3559 oaedem
1139 3494 1249 3558 Halir-

149 3598 255 3676 rothii‚
269 3596 426 3661 Aristides
441 3597 501 3660 vol.
522 3618 548 3660 r.
566 3622 597 3683 p.
615 3599 684 3681 185.
701 3600 793 3662 Cant.
812 3597 967 3680 Λαγχάνει
988 3603 1146 3662 Ποσειδῶν
1163 3596 1250 3678 Ἀρει

146 3703 201 3781 τὴν
215 3704 288 3782 ὑπὲρ
304 3706 357 3765 τοῦ
372 3701 485 3778 παιδὸς,
502 3703 550 3764 καὶ
566 3705 631 3782 νικᾷ
649 3701 682 3763 έν
697 3700 791 3763 άπασι
813 3705 876 3765 τοῖς
898 3705 977 3766 θεοῖς
1000 3701 1048 3764 καὶ
1069 3698 1123 3777 τήν
1138 3701 1250 3764 έπωνν-

145 3807 244 3886 μίανὸ
259 3807 348 3870 τόπος
369 3802 521 3882 λαμβάνει
543 3802 597 3880 τὴν
618 3801 718 3880 αὐτὴν,
738 3806 825 3865 τοῦτο
842 3800 1014 3880 συμβάντος
1027 3803 1187 3881 σύμβολον
1202 3802 1250 3865 καὶ

146 3909 333 3986 δικαιοσύνης
355 3907 457 3987 ὥσπερ
479 3906 558 3968 άλλο
580 3930 609 3967 τι
631 3905 790 3984 μαρτύριον
819 3904 867 3966 καὶ
891 3905 993 3967 πίστιν
1016 3905 1047 3969 ές
1067 3904 1249 3983 ἀνθρώπους.

146 4010 367 4074 Arundeliana
392 4007 594 4095 Epocharum
626 4006 714 4083 stela,
744 4004 764 4067 l.
784 4025 815 4090 5.
839 4004 909 4087 Ἀφ’
937 4006 972 4069 οὗ
998 4007 1061 4084 δίκη
1085 4003 1250 4083 Ἀθήνησιν

146 4114 268 4194 έγένετο
285 4112 373 4194 Ἀρει
396 4113 444 4175 καὶ
467 4115 634 4174 Ποσειδῶνι
651 4110 726 4190 ὑπὲρ
750 4106 941 4189 Ἁλιρροθίου
966 4113 1019 4172 τοῦ
1050 4112 1250 4183 Ποσειδῶνος,

145 4216 221 4276 καὶό
236 4216 325 4281 τόπος
340 4213 451 4293 ἐκλήθη
463 4212 581 4293 Ἀρειος
595 4212 700 4292 πάγος,
717 4212 767 4289 ἔτη
788 4195 1037 4289 XHHiAlAllIll
1059 4210 1239 4287 βασιλεύον-

146 4341 197 4381 τος
211 4314 345 4393 Ἀθηνῶν
363 4321 511 4396 Κραναοῦ.
536 4314 703 4377 STANL.

189 4418 261 4479 686.
279 4415 317 4499 θ’]
334 4414 357 4476 τ’
375 4416 479 4479 Turn.
494 4437 555 4477 om.
575 4413 650 4476 Ald.

188 4520 261 4600 687.
278 4517 452 4604 νεόπτολιν]
471 4517 612 4579 νεόπολιν
627 4515 704 4578 Ald.

676 4638 731 4696 411
