2984 5054
500 350 568 413 AD
591 350 885 415 EUMENIDES.
1178 349 1240 412 551

142 519 188 584 Et
204 521 245 584 Il.
261 527 286 599 1,
302 536 376 607 455.

269 647 382 728 μήκοτε
396 651 542 731 γούνασιν
556 652 637 714 οἶσιν
651 650 811 733 ἐφέζεσθαι
825 653 920 733 φίλον
934 651 1010 714 οίθν.

142 773 187 836 Et
211 773 307 838 refert
328 773 410 839 idem
438 775 588 861 plurimas
614 777 768 842 Minervae
790 791 909 842 statues
933 775 1078 861 antiquas
1102 773 1244 838 sedentes

140 873 254 938 fuisse:
278 877 381 940 πολλα
406 878 439 940 δέ
462 882 521 941 τῶν
549 879 682 962 ἀρχαίων
710 883 761 959 τῆς
789 879 918 960 Ἀθηνᾶς
947 878 1062 957 ξοάνων
1091 874 1242 956 καθήμενα

141 979 296 1055 δείκνυται,
312 978 443 1059 καθάπερ
459 982 493 1043 ἐν
507 983 637 1066 Φωκαίᾳ,
660 985 840 1066 Μασσαλίᾳ,
855 979 963 1067 Ῥύμῃ,
979 981 1042 1064 Χίῳ
1065 981 1113 1042 καὶ
1135 981 1243 1046 ἄλλοις

139 1082 286 1144 πλείοσιν.
324 1081 441 1144 Verum
456 1097 560 1146 noster
575 1084 735 1165 ἐφέζεσθαι
749 1106 808 1170 pro
823 1082 909 1146 nudo
923 1081 1085 1168 amplexu,
1101 1095 1136 1144 ut
1153 1080 1238 1144 vide-

143 1195 204 1259 tur,
221 1181 326 1268 paullo
340 1198 410 1269 post
425 1184 521 1248 sumit
535 1208 566 1247 v.
577 1187 653 1266 446.

273 1301 355 1382 Πρὸς
368 1303 447 1385 χειρὶ
460 1303 536 1390 τήμῇ
551 1306 586 1367 τὸ
601 1305 660 1368 σὸν
675 1301 838 1384 ἐφεζομένη
851 1300 971 1383 βρέτας.
1011 1300 1134 1364 STAN
1139 1301 1178 1364 L.

184 1425 273 1513 ξένῳ]
290 1428 402 1493 Oresti.
426 1429 522 1496 στένω
538 1431 580 1495 T.

184 1550 258 1609 411.
274 1530 426 1611 ὁρωμένας
441 1531 605 1596 Stanleius.
639 1532 800 1613 ὁρωμένοις
813 1531 896 1596 libri.

184 1650 258 1711 412.
274 1630 339 1715 οὖν]
356 1633 390 1696 ἐν
405 1631 484 1696 Ald.
501 1634 604 1698 Turn.

184 1754 259 1820 413.
276 1733 299 1798 δ’
316 1756 378 1798 om.
394 1734 472 1801 Ald.
489 1738 591 1801 Turn.

184 1837 336 1920 ἄμορφον]
354 1838 496 1920 ἄμομφον
510 1839 595 1904 Rob.

184 1957 260 2024 415.
275 1940 395 2023 πεύσει]
411 1942 507 2027 πεύσῃ
520 1939 603 2005 libri.

186 2041 350 2125 σνντθμως]
368 2040 467 2106 Scrib.
483 2043 638 2124 ξυντθμως.

184 2143 259 2220 416.
282 2145 386 2222 αἰανῆς
400 2144 442 2207 Τ.
461 2144 566 2207 Turn.
587 2145 708 2208 Tzetza
729 2141 769 2206 ad
793 2142 954 2231 Lycophr.
969 2162 1022 2224 72.
1045 2157 1076 2206 et
1098 2142 1241 2208 Eudocia

143 2241 259 2306 Violar.
283 2265 313 2329 p.
332 2263 400 2327 151.
416 2246 504 2323 αἰανῆ
524 2244 595 2308 libri
618 2244 738 2331 reliqui.
777 2245 828 2308 De
843 2242 985 2330 quodixi
1007 2243 1047 2308 ad
1069 2244 1166 2331 soph.
1184 2245 1238 2330 Aj.

143 2345 216 2426 672.
240 2343 353 2431 Eurip.
378 2347 480 2409 Orest.
500 2347 575 2426 408.
598 2345 788 2433 comparavit
807 2344 1037 2423 Wakefieldus,
1065 2344 1144 2424 ἔδοξ’
1168 2349 1242 2410 ἰδεῖν

142 2453 222 2528 τρεῖς
236 2448 329 2510 Νυκτὶ
348 2453 529 2529 προσφερεῖς
549 2449 643 2529 κθρας.
688 2445 917 2511 “Eumenides
932 2445 1041 2510 Noctis
1054 2446 1133 2510 filias
1147 2446 1243 2511 fuisse

144 2547 273 2613 tradunt
294 2549 387 2613 etiam
408 2550 612 2637 Lycophron.
627 2567 702 2637 437.
725 2549 820 2614 Ovid.
845 2551 978 2613 Metam.
993 2569 1025 2628 4,
1039 2565 1114 2634 451.
1132 2547 1241 2635 Virffl'l.

144 2650 220 2712 AEn.
240 2668 289 2728 12,
306 2651 379 2736 845.
402 2650 468 2715 Alii
482 2651 599 2717 aliter.”
622 2652 790 2718 STANL.

186 2767 261 2834 417.
291 2753 389 2838 Ἀραὶ]
419 2752 524 2818 Aliter
554 2754 681 2820 Servius
708 2754 740 2818 in
765 2752 887 2842 Virgilii
908 2753 985 2817 AEn.
1004 2773 1037 2834 4,
1054 2752 1126 2818 610.
1150 2753 1242 2817 Nam

142 2853 241 2917 Dirce
254 2856 290 2918 ἱιι
305 2856 389 2932 οιοὶα,
407 2865 454 2933 ut,

314 2964 466 3029 dicuntur
475 2969 616 3053 gemine
623 2977 729 3055 pestes
743 2968 928 3054 cognomine
943 2965 1050 3042 Πίσα,

144 3077 253 3142 Furiae
274 3081 310 3143 in
332 3082 438 3159 tersis,
461 3083 656 3150 Eumenides
676 3083 767 3171 apud
785 3085 916 3169 irgferos.
946 3081 1112 3146 STANL.
1156 3080 1244 3162 Ἀραὶ

144 3181 310 3244 Canterus.
335 3183 393 3263 θρλ
406 3181 486 3246 libri.

185 3282 257 3346 ὑπαὶ
272 3282 450 3368 κεκλήμεθα]
463 3283 702 3364 ύπαικεκλήμεθα
716 3283 795 3348 Ald.
823 3282 1048 3362 θσεκεκλήμεθα
1063 3282 1147 3347 Rob.
1172 3285 1243 3347 ύλαι

145 3383 312 3463 κεκλήμεθα
326 3385 430 3447 Turn.
469 3385 652 3449 correctum
667 3385 701 3448 in
717 3385 827 3471 steph.
842 3407 914 3470 quae
928 3385 1000 3448 ύσαι
1015 3383 1191 3462 κεκλήμεθα.

186 3485 261 3566 418.
279 3486 423 3564 κληδόνας
438 3486 606 3549 Porsonus.
631 3488 776 3567 κλῃδόνας
791 3485 896 3572 vulgo.
920 3485 1065 3551 κλύδανας
1079 3484 1155 3549 Ald.

186 3606 262 3670 419.
277 3585 394 3671 πεύσει]
409 3589 505 3673 πεύσῃ
519 3584 600 3652 libri.

185 3707 260 3769 420.
276 3690 407 3773 ἐμφανῆ]
428 3690 543 3769 ἐκφανῆ
558 3688 633 3753 Ald.
650 3692 754 3754 Turn.

185 3809 260 3870 422.
277 3796 333 3855 τοῦ
348 3790 382 3854 τὸ
397 3790 572 3855 ArnelduS.
595 3797 681 3856 τοῦτο
696 3790 777 3855 libri.

186 3897 282 3975 φυγῆς
298 3894 483 3958 Pearsonus.
512 3896 631 3974 σφαγῆς
647 3892 725 3958 libri.

185 4014 260 4082 423.
275 3996 554 4079 ὅπου-νομίζεται]
573 3993 751 4082 Descriptio
766 3991 847 4058 sedis
860 3991 1042 4057 inferorum.
1066 3993 1233 4060 STANL.

185 4114 260 4176 424.
275 4097 447 4180 ἐπιρροιζεῖ]
467 4095 673 4161 scribendum
690 4099 862 4180 ἐπιρροιζεῖς
876 4117 948 4160 cum
965 4094 1113 4160 Stanleio.

185 4200 260 4276 426.
284 4198 392 4281 ἄλλης]
416 4199 505 4262 Num
531 4219 604 4263 vero
629 4208 759 4264 matrem
784 4206 897 4286 suapte
920 4206 1029 4285 sponte
1052 4198 1175 4274 oceidit,
1199 4219 1243 4260 αιι

144 4320 217 4362 vero
231 4298 317 4362 alius
329 4301 524 4364 necessitatis
538 4303 623 4363 iram
638 4302 763 4379 tinem,
776 4299 809 4364 h.
825 4323 853 4364 e.
874 4322 913 4363 an
937 4298 1041 4386 potius
1063 4298 1244 4363 necessitate

143 4397 334 4484 compulsus,
349 4399 434 4485 quod
457 4422 530 4463 eum
553 4400 647 4464 cedis
667 4418 826 4466 auctorem
846 4391 986 4477 heberet,
1001 4401 1092 4487 cujus
1113 4399 1170 4476 ire,
1184 4397 1242 4462 nisi

142 4514 360 4588 perpetrasset,
375 4499 404 4563 ei
419 4500 554 4566 verende
568 4516 657 4568 esset.
681 4503 782 4567 SCH.
828 4503 901 4566 Non
915 4500 994 4565 inest
1009 4501 1068 4565 hoc
1084 4499 1185 4564 verbis
1207 4515 1243 4564 ut
