2984 5054
496 370 565 435 An
586 370 991 437 AGAMEMNONEM.
1229 374 1295 444 889

239 535 312 620 928.
329 536 407 599 Post
421 536 548 615 ὀλβίσαι
561 537 619 620 χρή
634 537 885 603 subaudiendum
900 539 1005 620 μόνον.
1045 538 1226 626 Respicitur
1239 539 1294 604 de·

194 650 353 700 cantatum
371 635 494 702 Solonis
507 638 640 718 dictum,
655 642 682 705 εἰ
696 641 729 704 δί
743 640 819 722 πρδς
831 643 964 706 τούτοισι
982 642 1027 707 tn
1047 641 1220 722 τελευτήσει
1240 640 1295 706 τδν

194 739 266 817 βίον
281 738 323 817 εδ,
337 739 423 806 οὗτος
438 740 550 808 έκεῖνος
563 739 600 805 δν
613 741 653 806 ‹ri›
667 741 787 820 ζητέεις,
800 744 908 823 ὄλβιος
929 747 1092 822 κεκλῇσθαι
1113 743 1195 822 ἰίξιός
1217 745 1295 808 ἰστι.

194 840 265 922 πρὶν
287 840 311 905 δ’
334 841 373 906 ἂν
394 842 567 923 τελευτήσῃ,
594 842 757 927 έπισχέειν,
778 847 851 926 μηδὲ
875 845 996 910 καλέειν
1017 872 1058 910 κν
1082 847 1202 926 όλβιον,
1225 843 1295 911 ἀλλ’

196 942 332 1026 εὐτυχέα.
360 943 516 1009 Herodot.
534 965 563 1024 1,
578 965 631 1031 32·
669 946 722 1010 Cf.
746 948 875 1011 Barnes.
897 946 940 1011 sd
961 946 1077 1034 Eurip.
1099 945 1205 1012 Andr.
1222 966 1293 1012 100.
1393 978 1396 985 ·

240 1168 312 1234 930.
327 1147 488 1230 πράσσοιμ’
504 1148 558 1235 ἂν]
573 1149 779 1216 Scribendum
794 1150 992 1233 πρόσσοιμεν.
1021 1149 1134 1215 Lectio
1147 1151 1188 1216 ab
1203 1149 1297 1216 libru-

195 1251 249 1315 riis
261 1251 458 1340 interpolata,
470 1276 550 1338 quos
560 1275 709 1318 uumerus
723 1253 852 1339 pluralis
862 1276 933 1319 cum
950 1253 1099 1341 ungulari
1110 1254 1297 1341 conjunctus

195 1353 382 1425 offendisset.
419 1353 567 1419 Similiter
579 1354 667 1442 apud
681 1355 797 1443 Eurip.
810 1356 925 1420 Phoen.
943 1371 1015 1439 724
1037 1358 1065 1422 εἰ
1079 1355 1183 1421 νυκτὸς
1197 1356 1297 1423 αύτοῖς

195 1456 424 1538 προσβάλοιμεν
446 1458 480 1521 έκ
501 1458 608 1540 λόχον,
636 1457 669 1521 in
695 1456 784 1521 libris
812 1457 1003 1543 quibusdam
1031 1454 1233 1538 προσβόλοιμ’
1258 1455 1297 1521 δν

195 1557 346 1645 scriptum
361 1573 410 1624 est
424 1557 536 1623 soloece
549 1572 679 1646 propter
689 1558 914 1646 praecedenteru
928 1559 1116 1646 singularem
1131 1557 1296 1640 τράπωμαι.

197 1659 281 1726 lbid.
298 1662 374 1746 968.
390 1661 478 1730 αύτδς
492 1659 528 1739 δ’,
546 1663 580 1726 ἔν
594 1662 690 1746 &polo
704 1665 763 1744 γὰρ
781 1662 911 1742 έσταμεν
924 1662 994 1747 βίῳ,
1014 1659 1155 1740 θνήσκειν
1170 1661 1296 1739 ἕτοιμος.

197 1762 304 1849 Iphig.
320 1763 398 1827 Aul.
415 1762 488 1848 834.
506 1765 533 1827 εἰ
546 1765 697 1845 ψαύοιμεν
709 1764 753 1827 ὧν
767 1761 808 1844 μή
825 1788 875 1842 μοι
890 1763 982 1843 θέμις,
999 1761 1054 1826 ubi
1068 1761 1139 1825 libri
1155 1758 1296 1824 nonnulli

196 1866 347 1946 ψαύοιμεν
361 1865 400 1930 δυ
414 1866 465 1939 δν,
478 1887 552 1929 vers
565 1865 801 1952 scripturarum
816 1864 1003 1952 interpolata
1015 1862 1139 1948 ήσύοιρί
1154 1863 1193 1927 δν
1207 1864 1248 1927 δν
1262 1862 1296 1926 iu

196 1988 296 2030 unum
310 1965 452 2031 conflato.
485 1966 559 2031 lbid
588 1984 680 2046 1141.
694 1964 780 2032 πάντ’
795 1965 862 2032 οἰδα
884 1967 933 2031 καί
952 1964 1115 2047 πεπύσμεθ
1131 1965 1151 2031 δ
1168 1964 1295 2046 σδμέλ·

194 2074 260 2135 λεις
272 2092 311 2146 με
325 2072 407 2149 δρᾶν.

239 2168 288 2242 δν,
303 2167 463 2256 εύθαροῇς]
478 2171 550 2236 όνεν
564 2169 692 2253 θάρσους
707 2171 751 2234 Τ.

239 2285 314 2355 933.
330 2273 402 2356 936.
419 2276 502 2337 δοκεῖ
515 2270 680 2336 Stanleius.
704 2271 775 2351 δοκῇ
789 2269 870 2335 libri.

240 2374 316 2459 936.
329 2373 487 2459 ποικίλοις]
503 2375 543 2438 V.
557 2373 599 2438 nd
613 2397 643 2437 v.
659 2375 733 2459 926.

239 2491 315 2559 937.
344 2476 505 2561 αἰδεσθεὶς]
540 2474 747 2540 Scribendum
770 2476 911 2552 αἰδεσθῇς
935 2485 1151 2559 punctumque
1174 2474 1206 2538 in
1232 2477 1295 2542 fine

193 2599 303 2642 versus
325 2576 517 2664 ponendum,
531 2577 619 2665 quod
632 2578 814 2664 abjecerunt
835 2574 969 2640 editores
989 2574 1159 2640 orationem
1181 2576 1295 2664 imper·

193 2680 309 2744 fectum
335 2702 400 2743 esse
424 2665 599 2744 indicaturi.
645 2678 740 2757 Quod
763 2675 937 2764 AEschylus
965 2676 1128 2764 scripserat
1154 2684 1293 2744 λΙΔΕΣ-

195 2787 296 2848 ΘΕΙΣ
310 2803 411 2868 quum
432 2797 466 2847 et
486 2783 634 2847 allevetis
652 2795 684 2845 et
705 2783 845 2860 αἰδεσθῇς
863 2778 1037 2865 significare
1058 2781 1165 2867 possit,
1181 2781 1293 2846 rationi

193 2898 434 2949 consentaneum
449 2897 496 2948 est
511 2885 650 2963 αἰδεσθῇς
663 2882 813 2969 praeferri.

237 3004 313 3070 942.
330 2986 446 3050 Versus
459 2999 636 3072 corruptus.
658 2982 737 3062 τήνδ’
753 2985 888 3066 ἀδήριτος
902 2984 1034 3070 conjecit
1049 2984 1211 3051 Butlerus.

238 3105 312 3170 944.
328 3086 508 3172 πρόδουλον]
522 3088 688 3167 πρόδουλος
702 3085 880 3172 conjecturs
893 3085 935 3150 ab
949 3085 1087 3150 Stnuleio
1101 3103 1283 3154 memorato.

239 3189 370 3268 έμθοσιν
398 3190 502 3272 ποδός]
532 3189 561 3251 Ι.
577 3211 605 3252 e.
630 3190 708 3252 πόδα
733 3188 918 3267 έμβαίνοντο
940 3189 1098 3269 ἀρβύλαις,
1124 3212 1198 3275 quoe
1222 3189 1295 3254 ideo

194 3289 381 3355 dicebantur
396 3289 524 3370 έμβόδες
539 3287 589 3353 vel
605 3288 745 3370 ἐμβάται,
761 3311 817 3352 seu
831 3289 938 3375 potius
951 3291 1029 3353 πόδα
1042 3286 1065 3374 ᾦ
1080 3315 1124 3357 τις
1145 3292 1292 3370 ἐμβαίνει,

191 3391 283 3480 pedis
305 3394 485 3479 vestigium.
523 3390 636 3477 Eurip.
659 3389 774 3454 Bacch.
795 3407 867 3475 739.
895 3391 1019 3473 δίχηλον
1042 3390 1182 3469 ἔμβασιν,
1204 3392 1293 3456 bovis

192 3495 301 3582 pedem
315 3494 459 3576 bifidum.
493 3493 544 3556 De
559 3490 648 3556 soleis
661 3490 813 3556 exuendis
828 3489 890 3555 vid.
909 3489 1056 3554 Grotium
1072 3491 1113 3553 ad
1125 3488 1243 3555 Metth.
1259 3511 1294 3575 3,

197 3615 247 3660 11.
270 3594 418 3661 Gataker.
443 3596 485 3661 A.
503 3596 554 3659 Μ.
578 3613 608 3671 2,
635 3614 684 3678 19.
716 3593 889 3657 BLOMF.
946 3593 1024 3655 Post
1052 3592 1144 3657 ποδός
1170 3611 1292 3654 comma

194 3713 341 3784 ponatur.
446 3768 450 3773 ,
1267 3699 1270 3703 ’

238 3803 310 3884 946.
327 3800 398 3887 σὺν]
416 3801 464 3863 καί
479 3797 529 3861 Fl.
568 3796 665 3862 Scrib.
682 3795 737 3875 ξύν
750 3817 822 3860 cum
839 3796 989 3858 Porsono.

238 3909 300 3968 τοῖς
314 3902 358 3986 δὲ]
375 3899 581 3966 scribendum
597 3904 701 3964 ταῖσδε
715 3921 792 3962 cum-
804 3896 956 3962 Heatlrio.

237 4020 309 4088 947.
333 4006 464 4084 ὄμματος
485 4001 609 4086 φθόνος]
632 4001 826 4064 Invidiam
849 4001 923 4063 viru
945 4007 1101 4085 concepta.
1124 3996 1182 4062 nisi
1204 3996 1293 4062 malis

195 4103 365 4191 intelligere
379 4104 443 4168 vim
465 4127 539 4190 quae
560 4103 742 4167 invidorum·
760 4100 859 4167 oculis
878 4100 1066 4182 (βασκάνων)
1082 4099 1181 4164 inesse
1202 4115 1293 4187 puta-

193 4206 298 4271 batur.
331 4208 382 4271 De
396 4206 512 4271 invidia
526 4206 656 4271 deorum
672 4203 799 4268 vidend
814 4205 905 4267 Pers.
918 4205 992 4288 362.
1015 4203 1172 4282 πρόσωθεν
1185 4216 1292 4267 sutem

194 4308 331 4396 intellige
344 4309 385 4373 de
400 4308 471 4373 Diis
491 4331 541 4372 res
560 4308 723 4372 hominum
738 4329 756 4370 e
772 4306 947 4392 longinquo
959 4302 1167 4368 intuentibus.
1202 4303 1293 4367 Infra

194 4429 267 4496 952.
289 4413 426 4475 Eumen.
443 4427 515 4495 297.
532 4412 658 4475 κλύειδί
674 4411 723 4474 καί
736 4406 893 4490 πρόσωθεν
906 4407 949 4472 διν
962 4405 1038 4474 θεόν.
1063 4405 1115 4471 Cf.
1131 4404 1291 4470 Prometh.

190 4531 266 4597 320.
291 4512 465 4591 BLOMF.
571 4600 574 4605 .
