2984 5054
359 353 597 417 ADDENDA
620 356 684 418 ET
710 356 1036 420 CORRIGENDA.
1184 352 1246 418 641

194 524 233 585 P.
248 541 322 601 410.
338 544 368 586 v.
387 540 480 606 1277.
502 523 599 587 Adde
623 523 718 610 Soph.
735 522 869 588 Philoct.
887 547 915 587 v.
936 544 1028 588 1100.
1051 530 1103 588 τοῦ
1117 524 1246 591 πλέονος

150 624 288 703 δαίμονος
303 625 385 688 εἵλου
399 625 434 687 τὸ
449 625 551 690 κάκιον
566 628 641 690 ἀντί.
669 627 750 690 Nam
767 625 809 690 sic
825 624 1019 690 emendanda
1033 639 1079 689 est
1093 624 1243 690 librorum

149 724 303 811 scriptura
316 726 351 789 τδ
366 727 467 793 κάκιον
483 731 573 793 ἑλεῖν.

525 963 858 1048 canarnonoa.

195 1127 234 1190 Ρ.
249 1146 324 1213 434.
340 1151 370 1193 v.
384 1149 404 1214 3
406 1146 439 1214 5,
459 1150 485 1193 1.
503 1131 643 1216 (super)]
662 1129 886 1216 (superscripto
900 1131 1005 1212 ἔλακε)

194 1229 232 1292 Ρ.
247 1230 322 1315 438.
338 1253 367 1293 v.
385 1245 436 1314 72.
460 1229 514 1294 Ad
529 1230 624 1296 verba
647 1233 679 1295 ἐκ
700 1237 768 1311 μιᾶς
790 1235 859 1296 ὁδοῦ
874 1229 1058 1296 illustranda
1072 1230 1145 1295 facit
1160 1230 1246 1317 quod

150 1329 182 1393 in
197 1329 432 1397 lustrationibus
445 1333 550 1413 fiebat,
566 1347 602 1397 ut
613 1333 795 1427 fluminibus
807 1347 969 1398 uterentur
982 1357 1021 1398 ex
1036 1332 1144 1397 codem
1160 1333 1247 1397 fonte

150 1434 424 1520 promanantibus:
449 1436 540 1501 sicuti
562 1437 665 1501 Oresti
686 1436 728 1502 ab
749 1435 875 1500 oraculo
894 1435 1049 1522 Delphico
1070 1435 1245 1522 injunctum

149 1535 251 1601 fertur
274 1552 310 1602 ut
330 1537 428 1603 fluvio
448 1538 629 1605 ablueretur
649 1541 705 1627 qni
727 1555 843 1626 septem
870 1538 1053 1603 fluminibus
1077 1538 1185 1602 eodem
1206 1562 1247 1603 ex

149 1638 236 1704 fonte
258 1641 457 1705 manantibus
474 1641 728 1707 confunderetur.
766 1643 909 1706 Gramm.
925 1641 965 1705 de
986 1641 1122 1706 carmine
1143 1641 1247 1705 bucol.

151 1743 322 1808 Theocrito
335 1744 484 1830 praemitti
506 1744 625 1816 solitus.
640 1745 776 1829 χρησμὸς
797 1744 950 1824 ἐξέπεσεν,
966 1747 1000 1808 ἐν
1015 1748 1089 1809 emt
1105 1751 1248 1824 ποταμοῖς

150 1849 184 1910 ἔκ
209 1851 276 1926 μιᾶς
301 1852 396 1929 πηγῆς
419 1846 540 1928 ῥέουσιν
564 1849 802 1912 δτολούσσσθσι.
840 1847 933 1911 Conf.
958 1845 1182 1911 Schneidewin.
1207 1845 1248 1910 de

150 1948 255 2012 Diana
284 1948 453 2013 Phacelina
482 1964 513 2013 et
541 1951 652 2015 Oreste
680 1972 731 2036 ap.
762 1948 925 2036 Rheginos
953 1963 984 2013 et
1014 1947 1135 2013 Siculos
1160 1972 1191 2035 p.
1217 1969 1248 2034 9.

152 2051 398 2117 BAMBERG.
414 2052 469 2139 qui
485 2052 689 2139 Choephoros
705 2052 868 2138 Gottingae
882 2051 981 2117 edidit
995 2076 1022 2116 a.
1040 2053 1130 2132 1840.

192 2190 323 2202 —-
342 2178 373 2216 v.
390 2171 443 2238 73,
463 2176 489 2219 1.
505 2155 587 2232 libri,
602 2155 655 2239 ex]
675 2154 757 2232 libri,
769 2153 855 2240 quod
875 2158 1035 2237 χαιρομισῆ
1049 2153 1199 2241 scripturn
1214 2153 1247 2217 in

151 2253 238 2334 Ald,
254 2278 292 2319 ex

195 2359 233 2421 P.
252 2378 328 2443 439.
353 2382 383 2423 ν.
401 2360 453 2438 80,
475 2379 503 2424 2.
529 2360 634 2441 πικρὸν
661 2361 782 2446 Steph]
805 2360 910 2441 πικρὸν
935 2359 1044 2446 Steph.
1074 2373 1105 2423 et
1135 2359 1248 2424 lemma

150 2458 257 2522 scholii
272 2459 303 2523 in
318 2459 368 2524 ed.
385 2461 466 2526 Rob.

195 2561 233 2625 P.
257 2579 331 2642 440.
358 2584 387 2624 v.
411 2563 462 2626 88.
498 2564 576 2627 Post
602 2566 673 2628 εἴπω
703 2563 933 2649 Bambergerus
959 2562 1072 2627 rectius
1096 2576 1249 2627 commate

151 2663 309 2729 distinxit:
334 2687 405 2729 nant
428 2668 526 2748 πατρί,
547 2666 634 2753 quod
656 2667 687 2730 in
710 2667 772 2731 fine
797 2689 905 2730 versus
926 2665 1109 2730 collocatum
1130 2680 1188 2744 est,
1207 2665 1248 2729 ad

151 2782 322 2854 utrumque
336 2768 473 2855 pertinet
488 2771 630 2848 verbum,
646 2774 717 2836 εἴπω
733 2785 764 2834 et
779 2769 970 2849 κατεύξομαι.

194 2872 233 2933 Ρ.
249 2891 324 2952 444.
339 2894 368 2934 ν.
388 2887 459 2956 145,
480 2894 504 2936 1.
521 2873 626 2958 κσκδν]
643 2874 734 2953 κακὴν

194 3008 322 3022 --
337 2996 368 3035 v.
389 2991 461 3057 157,
476 2994 508 3058 3.
526 2975 736 3062 δέσποτἐἔξ]
750 2975 868 3041 δέσποτ’
900 2982 916 3054 ξ

195 3073 233 3135 Ρ.
248 3090 323 3156 445.
342 3097 370 3137 ν.
391 3077 460 3159 158.
478 3079 521 3153 Ζδ,
537 3077 592 3160 τίς]
607 3080 659 3142 ἴτω
673 3103 718 3144 τις
733 3077 877 3141 Bothlus.

195 3175 233 3238 P.
248 3192 322 3256 447.
337 3198 366 3239 ν.
386 3192 455 3257 177.
470 3174 501 3263 ᾗ]
516 3177 554 3256 ἦν
570 3175 803 3241 Scholefieldus.

193 3312 322 3324 —-
338 3300 369 3342 v.
387 3277 458 3361 185,
478 3298 505 3340 1.
528 3279 649 3362 διψίον]
675 3280 785 3360 trecea
808 3284 892 3356 (narn
919 3278 961 3342 sic
987 3279 1172 3344 Schuetzius
1190 3301 1250 3366 pro

151 3380 248 3462 δίψιοι
263 3379 396 3466 scripsit)

195 3482 233 3545 P.
249 3499 323 3566 451.
339 3504 368 3544 v.
385 3483 459 3565 236.
483 3480 590 3549 Ἐλπὶς
612 3481 778 3564 σπέρματος
800 3483 943 3564 σωτηρίου
957 3497 1004 3547 est
1019 3485 1137 3566 σπέρμα
1152 3489 1246 3568 cerri·

151 3608 217 3664 ριοο
228 3585 382 3662 ἐλπισθὲν,
394 3583 534 3664 tames
548 3598 653 3648 autem
668 3584 793 3670 respicit
806 3583 959 3661 lacrimas,
974 3609 1106 3673 quarum
1123 3588 1249 3655 abunde

151 3685 339 3750 desiderium
362 3700 393 3750 et
411 3687 561 3751 memoria
575 3687 694 3753 Orestis
709 3687 804 3752 choro
817 3703 913 3774 atque
935 3686 1071 3752 Electrae
1092 3689 1249 3757 elicuerat.

152 3788 300 3853 BAMB.

195 3893 235 3955 P.
250 3908 325 3978 455.
349 3916 378 3956 v.
396 3910 467 3976 290.
491 3894 598 3958 Locus
622 3892 762 3980 Etymol.
792 3895 853 3973 M,
874 3917 966 3980 quem
986 3895 1026 3958 ad
1053 3895 1084 3960 h.
1110 3918 1140 3960 v.
1167 3913 1250 3962 reete

150 3993 258 4058 retulit
274 3994 443 4075 Stanleius,
460 3995 539 4060 tnale
552 3995 634 4061 inter
647 3996 823 4083 fragmenta
838 4012 981 4083 receptus
994 4018 1013 4082 3
1015 3999 1069 4083 56.

195 4097 233 4160 P.
248 4100 323 4182 456.
339 4120 369 4162 v.
387 4116 459 4183 294.
475 4113 554 4162 extr.
572 4097 671 4163 adde:
696 4099 742 4163 Et
764 4098 807 4163 sic
829 4098 925 4164 schol.
948 4099 1003 4186 qui
1026 4123 1082 4187 per
1104 4128 1250 4184 συγκατα-

150 4198 235 4261 λύειν
251 4202 337 4278 (nam
361 4199 403 4264 sic
426 4202 590 4288 vulgatum
606 4204 768 4285 σογκλύειν
781 4202 916 4267 correxit
932 4204 1117 4291 Bamberg.)
1135 4218 1167 4268 et
1181 4231 1251 4269 σον-

150 4304 243 4363 οικεῖν
257 4299 492 4386 interpretatur.

195 4403 234 4465 P.
249 4404 324 4482 460.
339 4424 369 4466 v.
380 4420 458 4489 359,
473 4423 505 4488 5.
522 4405 637 4488 SCH.]
662 4406 763 4470 SCH.
780 4403 836 4491 qni
858 4403 1000 4469 dativum
1015 4409 1196 4492 πεισιβρότῳ
1218 4432 1250 4470 τε

149 4503 269 4589 βάκτρῳ
284 4503 432 4569 restituit.

659 4630 722 4691 4ιι
