2984 5054
565 356 633 419 AI)
658 357 922 425 SUPPLICES.
1226 355 1290 422 635

234 533 307 601 974.
331 520 448 588 εὔτυκος
470 523 679 608 spanhemius
698 525 740 589 ad
764 526 946 592 Callimsch.
967 525 999 590 in
1015 527 1142 611 Pal13.
1166 526 1288 608 εὕτνχος

192 619 295 682 Turn.
319 623 454 689 εὕτυκτος
467 623 587 690 codices
602 642 634 691 et
649 626 725 691 ΑΜ.
743 629 827 693 Βοὴ.
845 631 953 715 steph.

233 741 273 805 97
275 737 306 807 5.
322 724 386 809 ξύν]
401 728 457 790 σύν
471 725 558 790 Ιίὴςί.Ι

234 826 309 908 976.
326 828 359 890 ἐν
372 828 472 913 χώρῳ]
489 829 591 893 Verba
605 847 749 916 suspects
762 831 852 919 ejecit
867 831 1013 897 Bothius.

232 942 306 1010 977.
323 929 421 993 Hunc
435 953 558 996 versum
572 954 633 996 om.
651 932 734 997 Rob.

233 1029 305 1113 983.
321 1032 378 1110 μέν
391 1053 454 1095 om.
472 1032 553 1098 Rob.

232 1130 307 1214 984.
323 1132 443 1218 φίλους]
458 1136 550 1216 φίλου
565 1136 650 1202 Βοὴ.
665 1152 697 1201 et
711 1137 922 1224 superscripto
937 1164 976 1205 ως
992 1138 1041 1201 Μ.

235 1233 309 1316 985.
330 1234 413 1319 ἐμοῦ]
429 1238 514 1316 ἐμοὺς
530 1239 581 1302 Μ.
598 1239 682 1305 Βοὴ.

233 1333 307 1418 987.
323 1340 472 1418 δορικανεῖ
482 1342 562 1426 μόρῳ
578 1343 747 1408 Porsonus.
763 1344 833 1425 δόρυ
848 1343 874 1407 κ’
888 1343 1024 1428 ἀνημέριρ
1034 1340 1155 1406 0odices
1166 1357 1198 1405 et
1209 1340 1285 1405 Ald.

192 1434 275 1498 Rob.
290 1435 400 1502 leviter
418 1439 448 1503 in
471 1439 631 1507 literarum
654 1443 805 1509 divisione
826 1445 907 1510 iuter
929 1467 961 1509 se
982 1444 1201 1530 discrepantes.
1224 1443 1287 1523 δορὶ

191 1536 326 1625 ἀνημέριρ
339 1540 442 1605 Turn.
459 1544 569 1631 Steph.

235 1641 307 1724 988.
331 1643 435 1718 ἀείζων
455 1644 598 1712 Bothius.
623 1648 670 1712 ἀεὶ
688 1653 745 1723 ζῶν
763 1647 884 1713 codices
905 1661 937 1712 et
951 1647 1029 1712 ΑΜ.
1044 1647 1129 1712 Βοὴ.
1152 1647 1211 1711 αἰεὶ
1231 1651 1289 1721 ζῶν

192 1744 296 1808 Turn.
312 1746 397 1810 Rob.

235 1831 308 1917 989.
330 1838 451 1898 τοιῶνδε
463 1832 665 1918 τυγχάνοντας
679 1837 827 1918 εὔπρυμνο]
840 1835 950 1919 φρενὸς
962 1834 1052 1921 χάριν
1067 1834 1216 1915 σέβεσθαι
1233 1832 1289 1915 (sic

193 1934 243 1997 M.
258 1935 367 2000 Guelf.
385 1936 463 2000 Ald.
479 1937 564 2001 Rob.
587 1937 722 2018 σέβεσθε
740 1940 842 2003 Turn.
860 1939 983 2025 steph.)
1006 1937 1182 2019 τιμιωτέραν
1205 1935 1288 2020 ἐμοῦ]

193 2037 399 2103 Scribendum
415 2041 587 2122 σ’κτρύμνης.
639 2043 748 2105 Tanta
761 2063 859 2128 qaam
880 2041 1038 2105 consecuti
1058 2042 1171 2117 simus,
1186 2039 1290 2102 cordis

189 2139 406 2222 gaberaawlo
419 2145 532 2206 mealia
546 2144 620 2208 beas
634 2144 785 2207 instructi
799 2153 845 2208 cst
866 2143 899 2226 (i.
915 2166 942 2207 e.
958 2142 1048 2206 decet
1063 2165 1126 2220 vos,
1143 2141 1168 2205 si
1183 2163 1291 2227 sapere

192 2238 320 2320 velitis),
338 2243 467 2306 Danais
482 2247 628 2331 gratiam
644 2248 900 2330 praeaantimam
916 2267 1011 2333 quam
1025 2266 1088 2332 qua
1102 2265 1150 2306 me
1165 2252 1290 2329 patrem

193 2345 387 2407 veneramini
401 2346 577 2431 rependere.
602 2347 771 2432 Tanquam
786 2345 861 2408 deos
875 2345 1040 2432 Olympios
1053 2344 1135 2408 enim
1152 2343 1291 2431 Argivos

192 2444 332 2508 venerari
340 2443 420 2509 filias
428 2447 564 2533 jusserat
580 2470 609 2508 v.
627 2449 699 2532 981.
717 2447 1030 2511 BAMBERGER.
1068 2448 1143 2510 Non
1157 2459 1204 2509 est
1218 2467 1290 2530 pro-

192 2543 295 2609 babile
314 2546 478 2629 εὖπρύμνης
499 2545 614 2611 dixisse
636 2545 839 2634 AEschylum,
860 2567 960 2632 quum
984 2546 1149 2627 α’)πρύμνου
1174 2543 1222 2606 vel
1245 2542 1290 2605 εὖ·

192 2654 340 2730 σρυμνοΰς
354 2650 515 2736 potuisset.

236 2772 309 2837 990.
323 2753 509 2838 τιμιωτέραν]
525 2751 681 2834 τιμιωτέρα
696 2751 805 2816 Guelf.
820 2749 897 2814 ΑΜ.

235 2875 307 2939 991.
323 2857 550 2941 γεγραμμένοις]
563 2855 787 2940 γεγραμμένους
801 2855 853 2917 Μ.
871 2852 979 2918 Guelf.
996 2851 1070 2917 Ald.
1088 2853 1192 2916 Turn.

236 2978 309 3041 994·
325 2961 446 3023 εὔτυκον
462 2957 670 3047 Spanhemius
687 2957 785 3040 (conf.
800 2957 842 3021 sd
856 2980 886 3023 v.
904 2958 1003 3043 974).
1020 2957 1145 3039 εὔτυχον
1158 2952 1240 3018 libn'.

236 3061 309 3145 998.
334 3061 452 3146 τέρειν’]
479 3061 576 3142 τέρειν
601 3062 652 3124 Μ.
679 3060 776 3143 τέρειν
801 3062 828 3123 δ’
855 3059 963 3124 Guelf.
986 3057 1067 3123 ΑΜ.
1093 3056 1181 3138 τέρην
1204 3055 1290 3119 Βοὴ.

193 3161 298 3224 Τιιτο.
316 3161 426 3247 Steph.

236 3282 308 3346 999.
323 3287 352 3324 τι
365 3260 428 3345 μιν]
443 3260 530 3341 τιμήν
545 3262 594 3324 Μ.
612 3258 689 3324 Ald.
708 3258 791 3322 Βοὴ.
837 3254 1043 3320 scribendum
1058 3256 1090 3319 τί
1102 3279 1161 3318 νιν.

239 3382 331 3427 1000.
361 3367 527 3442 πεδοστιβῆ
556 3361 640 3426 Βοὴ.
673 3359 782 3447 steph.
819 3360 998 3437 παιδοστιβῆ
1028 3357 1076 3419 Μ.
1114 3358 1290 3436 παιδοτριβῆ

194 3463 302 3530 Guelf.
318 3464 395 3529 Ald.
418 3468 579 3548 πεδοτριβῆ
594 3465 698 3528 Turn.

239 3587 331 3631 1001.
348 3567 537 3653 καρπώματα]
554 3568 724 3649 καρπώματι
735 3561 811 3628 Ald.
824 3563 929 3625 Turn.
944 3559 1111 3641 καρτάματ’
1122 3557 1290 3638 ἀκμάζοντο

193 3670 348 3732 Auratus.
380 3675 401 3706 ‘⁴
417 3667 562 3744 στάζοντα
582 3683 628 3733 est
638 3669 777 3754 finctus
802 3662 936 3737 decidui,
959 3660 980 3726 i.
996 3684 1022 3725 e.
1045 3660 1091 3726 its
1116 3659 1231 3724 maturi
1255 3674 1292 3723 ut

193 3784 303 3859 suapte
318 3785 428 3858 sponte
442 3770 584 3834 cadant?
607 3770 705 3834 SCH.

239 3900 330 3949 1002.
355 3884 471 3946 Versus
490 3894 667 3967 corruptus.
691 3882 922 3946 κωλυουσανθῶς
934 3859 1028 3963 μένῖἰῖι
1042 3874 1098 3955 ἐρῶ
1114 3872 1165 3936 Μ.
1180 3869 1205 3935 ἀ
1220 3882 1291 3957 post

194 3988 367 4051 κωλύουσαν
383 3983 506 4048 addunt
525 3982 618 4047 etiam
635 3981 743 4048 Guelf.
758 3980 834 4046 Ald.
851 3979 936 4044 Rob.
983 3975 1145 4063 Scriptura
1167 3987 1293 4059 recepta

193 4087 326 4152 debetur
344 4086 497 4151 Turnebo
518 4099 550 4150 et
573 4085 682 4175 Steph.
705 4085 824 4165 κάλωρα
837 4082 871 4146 in
886 4083 1001 4164 κάξωρα
1016 4081 1159 4144 mutabat
1174 4077 1291 4140 Cante-

193 4211 259 4267 ras,
276 4188 308 4251 in
322 4189 420 4271 κάωρα
435 4187 601 4253 Stanleius.
1156 4268 1158 4275 y

240 4304 333 4372 1007.
376 4290 429 4354 οὖν
469 4290 633 4376 έκληράθη]
671 4286 914 4354 Emendandum
956 4282 1049 4350 οὕνεκ’
1086 4282 1178 4364 ἠρόθη
1210 4278 1290 4341 'cum

195 4391 344 4457 Heathio.

242 4514 334 4580 1009.
350 4494 473 4579 οἴκησις]
488 4493 618 4574 οἰκήσεις
634 4495 682 4556 Μ.
700 4490 809 4556 Guelf.
824 4489 902 4554 Ald.

202 4622 208 4636 ·
694 4611 788 4675 412
