2984 5054
193 341 258 404 632
554 342 933 406 ANNOTATIONES

190 508 266 586 sisti,
278 509 483 595 praesidium,
497 531 569 571 vera
581 531 664 572 nunc
680 509 785 593 potius
798 508 974 584 calantitus,
987 527 1035 570 me
1048 506 1092 569 ad
1105 528 1204 570 mare
1219 507 1321 570 ducit

187 611 355 698 gradatim
370 619 519 696 tanquam
537 633 672 688 aranea,
687 620 843 697 spectrum
867 612 997 696 nigrum
1021 624 1053 672 et
1075 609 1321 673 horrendum?

193 712 374 786 Scholiasta,
404 713 581 796 βρετίεσσα]
610 714 628 791 ή
657 720 716 775 τῶν
745 712 878 794 βρετέων
908 713 1058 793 ἐπικουρία
1088 710 1232 789 βλάπτει
1263 738 1317 792 με.

191 819 277 878 τοῦτο
303 813 337 876 δέ
361 822 465 894 φησιν,
493 815 557 877 ἐπεὶ
581 821 747 894 θαρσοῦσαι
771 815 869 881 αὐτοῖς
896 817 929 878 ε’ν
954 817 995 897 τῷ
1022 817 1146 898 φανερῷ
1172 815 1317 894 κατελή-

194 921 327 998 φθησαν.

235 1017 417 1103 μαλδαᾶγει]
440 1019 587 1100 μαλδάγει
611 1019 693 1082 Rob.
741 1016 912 1082 Probabilis
935 1016 1093 1080 Schuetzii
1115 1018 1316 1103 conjectura

193 1135 239 1181 est
253 1116 281 1197 μ’
298 1119 383 1182 ἅλαδ’
399 1121 475 1202 ἄγει.

237 1222 310 1283 886.
333 1223 463 1303 ἄραχνος
485 1224 524 1288 ὡς
545 1222 654 1307 βάδην]
673 1223 778 1284 Locus
791 1220 1068 1306 deploratissimus,
1083 1221 1176 1307 cujus
1195 1237 1311 1286 tamen

193 1344 301 1385 sensus
324 1322 446 1386 videtur
470 1324 528 1386 hic.
581 1323 824 1387 simulacrorum
848 1346 941 1408 quam
965 1326 1087 1409 speravi
1111 1325 1230 1386 ἀσυλία
1255 1346 1312 1388 me

194 1424 344 1511 prodidit,
360 1441 405 1488 est
420 1426 500 1488 enim
518 1448 579 1488 non
596 1426 687 1493 σάκος
702 1427 846 1507 ᾰῤῥηκτον
861 1426 940 1490 sicut
956 1425 1046 1488 nobis
1060 1425 1161 1487 visum
1184 1443 1257 1490 crat
1274 1450 1310 1490 v.

198 1528 268 1608 198,
291 1527 368 1613 quin
391 1528 496 1613 potius
517 1550 637 1591 araneae
660 1528 731 1604 tela,
753 1527 906 1590 somnium
930 1526 1105 1591 evanidam.
1153 1528 1208 1590 De
1226 1529 1311 1613 jure

194 1630 329 1706 ἇσυλίας,
345 1630 430 1715 quod
447 1629 521 1692 nihil
538 1629 613 1715 ipsis
627 1630 758 1715 profuit,
773 1628 967 1715 interpretati
984 1651 1102 1692 sumus.
1126 1630 1310 1696 STANL.

239 1730 311 1797 888.
327 1733 415 1818 ὄναρ]
434 1730 615 1807 Scholiasta,
630 1734 722 1810 μηδὲν
737 1733 842 1794 οὖσαν.

237 1835 347 1918 μέλαν]
362 1835 475 1915 μέγραν
492 1832 600 1897 Guelf.

240 1938 312 2018 890.
335 1937 427 2017 βοᾶν]
456 1937 532 1998 Post
555 1934 638 1996 huuc
663 1957 783 1996 versum
809 1935 891 1997 Rob.
914 1933 1310 2016 inse1·it8›pdrepyi1‚ex

195 2036 387 2122 glossemate.
434 2039 515 2099 Nam
531 2037 562 2099 in
580 2036 703 2098 scholiis
717 2053 898 2099 caumatum
916 2035 939 2099 ὦ
954 2042 1044 2118 μῆτερ
1059 2041 1108 2118 γῆ.

241 2141 313 2222 892.
330 2140 387 2222 βᾶ]
405 2144 446 2218 μᾶ
461 2140 564 2202 Τοτιι.

239 2242 313 2325 892.
330 2261 404 2326 901.
428 2239 450 2304 ὦ
471 2246 515 2319 βᾶ
535 2245 592 2307 ras
607 2246 663 2303 παῖ
681 2241 750 2325 Ζεῦ]
771 2239 849 2320 apa
865 2247 887 2304 Γ
888 2247 916 2314 ἃ,
931 2246 974 2305 mi
989 2246 1048 2305 Ζεῦ
1064 2239 1256 2306 Huschkiua
1272 2243 1310 2307 in

195 2344 454 2408 commentatione
475 2342 515 2406 de
532 2343 640 2406 Annio
655 2344 785 2407 Cimbro
805 2369 836 2429 p.
854 2361 908 2428 51.
955 2343 1137 2420 Scholiasta,
1158 2343 1182 2407 ὦ
1205 2346 1310 2427 πάτερ

196 2453 265 2521 Ζεῦ,
282 2451 336 2529 γῆς
351 2452 413 2512 παῖ’
437 2446 542 2525 ήαῦτή
557 2449 614 2526 γὰρ
628 2444 699 2509 Ῥέα
715 2447 761 2509 καὶ
777 2451 828 2525 Γῆ.

240 2551 312 2634 894.
329 2547 387 2612 οὐδ’
404 2547 567 2632 ἐγήρασαν]
584 2549 651 2610 οὐδὲ
667 2548 802 2629 γήρασαν
819 2550 867 2611 Μ.
885 2547 993 2612 Guelf.
1012 2547 1095 2611 Rob.

239 2653 299 2714 οὐδ’
316 2651 466 2732 ἐγήρασαν
480 2650 588 2733 τροφῇ]
605 2652 686 2713 Haec
704 2672 778 2712 sana
797 2673 863 2712 esse
884 2649 960 2711 mihi
984 2672 1075 2712 nemo
1097 2652 1306 2735 persuaserit.

199 2752 340 2816 Primum
360 2751 440 2815 enim
463 2751 493 2813 in
516 2750 769 2813 antecedentibus
792 2751 826 2813 οὗ
848 2750 904 2830 γάρ
924 2751 954 2828 μ’
970 2752 1105 2832 ἔθρεψαν
1119 2749 1201 2812 idern
1219 2751 1308 2817 illud

198 2855 286 2930 inest,
303 2854 388 2939 quod
409 2853 492 2915 hisce
507 2851 609 2914 verbis
632 2851 832 2936 significatur.
878 2851 1002 2915 Deinde
1025 2852 1176 2934 ἐγήρασαν
1197 2854 1309 2920 active

198 2957 332 3040 positum
356 2954 489 3016 insolens
510 2969 566 3014 est.
593 2954 692 3015 SCH.
738 2952 847 3015 Priore
861 2969 1047 3036 argumento
1062 2952 1137 3016 nihil
1151 2953 1305 3021 efficitur.

200 3056 351 3138 ἐγήρασαν
387 3055 461 3142 legit
498 3051 670 3130 scholiasta,
704 3053 759 3139 qui
795 3053 1019 3140 interpretatur
1055 3058 1097 3121 εἰς
1133 3054 1229 3136 γῆράς
1266 3085 1309 3138 με

198 3161 325 3241 ἤγαγον.

243 3264 314 3347 895.
338 3262 445 3345 μαιμᾷ]
470 3286 523 3340 μαι
543 3285 596 3337 μαι
620 3260 668 3321 Μ.
692 3256 799 3322 Guelf.
821 3256 898 3323 Ald.
920 3260 1022 3320 Turn.
1072 3260 1131 3321 Per
1157 3260 1309 3346 ἐνθουσιᾷ

199 3364 333 3452 explicat
355 3361 526 3428 scholiasta.
573 3360 720 3424 Similiter
736 3358 926 3447 Hesychius,
942 3360 1033 3445 cujus
1051 3359 1154 3446 glossa
1168 3360 1310 3428 fortasse

199 3493 237 3532 ex
253 3468 311 3532 hoc
327 3467 394 3530 loco
409 3481 511 3529 sumta
525 3478 581 3528 est.

244 3570 316 3653 896.
342 3571 380 3636 ὥς
401 3568 439 3648 με’
460 3570 491 3631 τί
509 3567 574 3629 ποτ’
591 3565 768 3648 ἐνδακοῦσα]
788 3564 839 3628 Sic
854 3562 948 3626 verba
968 3562 1068 3626 lacera
1088 3586 1199 3649 parum
1220 3589 1306 3650 pru.

199 3672 309 3736 denter
324 3668 520 3756 interpolavit
538 3666 648 3752 Steph.
671 3668 710 3733 ὥς
723 3692 761 3746 με
775 3666 868 3728 τέτατ’
884 3664 918 3728 ἔν
933 3665 1068 3747 δακοσάχ
1085 3666 1131 3728 Μ.
1156 3667 1196 3732 ὥς
1214 3694 1256 3745 με
1277 3674 1313 3735 τί

199 3775 264 3837 τοτ’
280 3773 314 3837 ἓν
334 3773 384 3853 (ἓν
402 3773 534 3851 Turn),
553 3768 687 3851 δακοσάχ
706 3767 814 3831 Guelf.
838 3766 914 3831 Ald.
935 3768 1039 3829 Turn.
1064 3768 1103 3832 ὥς
1123 3792 1161 3844 με
1180 3768 1186 3850 Ι
1206 3772 1309 3835 τέτατ’

200 3876 235 3938 ἕν
254 3873 259 3960 Ι
278 3881 431 3956 δακοῦσαχ
445 3903 469 3930 =
490 3872 573 3937 Rob.

244 3976 315 4056 898.
332 3975 479 4059 ὀτοτοτοῖ]
496 3973 664 4037 ὀτοτοτοτοί
677 3970 757 4034 libn'.
803 3968 946 4031 Correxit
964 3969 1158 4032 Schuetzius.

244 4094 315 4158 901.
331 4079 375 4152 βᾶ
389 4097 449 4136 om.
467 4077 571 4136 Turn.

244 4194 316 4259 903.
332 4178 456 4253 χιτῶνος
471 4173 572 4257 ἔργον]
588 4168 769 4241 Scholiasta,
786 4169 839 4245 τήν
855 4169 1000 4247 ἐργασίαν
1015 4174 1067 4231 τοῦ
1080 4176 1216 4252 χιτῶνος.

244 4294 317 4360 904.
334 4273 471 4356 πρόμνοι]
489 4271 692 4336 scribendum
709 4269 817 4349 πρόμοι
831 4290 900 4331 cum
920 4269 1067 4332 Stanleio.

244 4397 317 4463 905.
333 4376 406 4459 906.
419 4390 450 4437 et
466 4394 537 4458 909.
555 4395 627 4458 910.
645 4373 715 4435 Hos
728 4393 833 4433 versus
845 4371 1090 4457 transponendus
1103 4395 1169 4435 esse
1183 4379 1306 4461 proba.

200 4479 303 4544 biliter
317 4474 447 4563 conjecit
462 4474 605 4539 Bothius.
