2984 5054
526 364 594 428 AD
617 364 914 428 EUMENIDES.
1206 363 1272 430 557

214 534 343 620 αἴδεσαι]
359 537 494 598 αίδεσται
509 533 587 598 Ald.
603 532 687 597 unde
701 535 849 598 αἰδεῖσθαι
864 535 967 597 Τιιτιι.

211 656 289 722 540.
313 638 374 721 νιν]
392 637 445 715 τὴν
460 637 542 714 δίκην
556 634 690 722 explicat
704 633 879 713 scholiasta,
894 632 982 719 quod
1000 631 1153 720 glossema
1167 633 1269 698 textui

170 736 291 804 illatum
307 739 400 802 estin
417 739 490 802 Par.

215 841 332 927 ἀτίσῃς]
347 840 480 919 πατήοῃς
496 843 558 925 (γρ.
575 839 692 920 ἀτίσῃς)
710 841 761 902 Μ.
779 840 852 902 Par.

213 943 288 1024 546.
327 944 510 1024 ἐπιστροφάς
539 941 678 1021 δωμάτων
707 940 875 1005 Heathius.
912 940 1052 1021 δωμάτων
1086 940 1268 1023 ἐπιστροφὰς

170 1041 254 1123 libri,
270 1043 328 1108 nisi
342 1042 427 1130 quod
444 1041 550 1122 δώματ’
566 1043 788 1124 ἀνεπιστροφάς
802 1040 880 1105 Ald.

212 1162 233 1230 5
235 1160 288 1230 5ο.
302 1161 323 1230 5
324 1161 377 1231 5ι.
392 1159 424 1210 et
436 1143 649 1231 antistrophiei
662 1144 738 1228 558.
750 1160 824 1227 559.
840 1142 872 1206 in
887 1163 986 1206 unum
1001 1164 1124 1206 versum
1139 1143 1268 1229 conjun-

170 1247 276 1334 gendi.

214 1365 290 1436 550.
305 1351 339 1414 ἑκ
352 1352 450 1435 τῶνδ’]
471 1346 676 1413 Scribendum
693 1348 769 1412 ἑκδν
782 1348 807 1412 δ’
821 1369 894 1411 cum
909 1344 1094 1411 Wieselero.

213 1468 288 1536 552.
303 1450 510 1536 πανώλεθρος]
526 1452 711 1531 πανόλεθρος
725 1448 804 1514 Ald.
819 1447 904 1513 Rob.

215 1552 239 1617 δ’
254 1552 377 1617 addidit
392 1551 552 1617 Pauwius.
1105 1615 1107 1619 Ι

211 1667 287 1736 555.
302 1651 461 1733 παρβάταν
473 1653 684 1715 Ηοτιοοτιοιις.
707 1649 893 1731 περαιβάδαν
905 1649 954 1712 Μ.
967 1648 1044 1713 Ald.
1057 1648 1140 1712 Rob.
1162 1674 1266 1731 παρα.

170 1752 269 1831 βάτων
282 1755 380 1818 Turn.
405 1752 597 1835 παραιβάδαν
612 1750 720 1838 steph.
747 1752 785 1814 V.
797 1750 838 1814 ad
856 1753 941 1837 Sept.
957 1774 983 1816 c.
1000 1752 1066 1814 Th.
1083 1766 1155 1835 743.

212 1869 287 1938 554.
302 1853 495 1940 παντάφνρτ]
510 1857 719 1937 παντόφυρτον
734 1853 844 1918 Guelf.
859 1852 938 1918 Ald.
955 1855 1058 1917 Turn.

212 1956 296 2041 ἀνευ]
313 1955 519 2021 Soribeudum
534 1957 636 2038 ἄγοντ’
651 1958 723 2022 άνεν
736 1978 808 2021 cum
825 1955 966 2021 Pauwio.

213 2058 306 2144 δίκης]
324 2057 529 2123 scribendum
545 2061 637 2126 δίκας.

212 2173 287 2244 555.
302 2159 418 2244 βιαίως]
432 2161 522 2245 βιαίῳ
538 2161 642 2224 Turn.

213 2265 288 2344 556.
303 2261 392 2347 ὅταν]
408 2260 449 2323 ὅτ’
466 2261 504 2325 δν
516 2260 597 2325 libri.

213 2378 289 2446 559.
307 2362 340 2424 ἐν
354 2360 476 2424 addidit
490 2361 692 2426 Abreachius.

65 2448 76 2473 ⁸
214 2467 364 2527 δνοπαλεῖ
375 2487 408 2527 τε
424 2464 526 2527 Turn.
560 2468 754 2530 δνσπαλεῖται
769 2466 819 2529 Μ.
835 2465 912 2530 Ald.
932 2467 1040 2554 steph.
1071 2472 1266 2536 δνσπαλεῖδέ

213 2670 289 2751 560.
305 2666 349 2750 δὲ]
365 2665 421 2730 δ’ὁ
439 2669 542 2731 Τιιτο.
559 2667 667 2753 steph.
683 2683 714 2732 et
728 2668 840 2733 lemma
855 2667 961 2732 acholii
976 2691 1026 2756 ap.
1043 2671 1127 2736 Rob.

214 2771 311 2855 θερμῷ
341 2769 497 2834 Pauwius.
533 2774 702 2856 θερμουργῷ
729 2771 910 2855 (θερμοεργῷ
936 2771 985 2836 M.
1014 2773 1102 2857 Par.)
1130 2773 1201 2839 libri
1225 2798 1265 2840 ex

169 2871 362 2959 glossemate.
856 2908 861 2912 ·

212 2977 287 3059 561.
301 2974 475 3058 ἀμηχάνοις]
497 2974 702 3040 scribendum
717 2974 892 3057 ἀμαχάνοις.

212 3077 286 3160 562.
301 3075 467 3162 λέπαδνον]
486 3075 691 3140 scribendum
703 3075 858 3140 λαπαδνὸν
868 3098 940 3142 cum
952 3078 1148 3144 Hermanno.
1171 3081 1267 3159 Quod

170 3175 252 3241 idem
267 3190 314 3240 est
328 3191 424 3263 atque
439 3176 623 3249 ἀλαπαδνὸν,
639 3198 713 3261 quae
730 3176 843 3240 usitata
856 3175 1000 3262 adjectivi
1015 3180 1117 3244 sonna
1130 3196 1185 3247 est.

213 3282 288 3363 565.
318 3281 420 3344 αίστος
445 3279 613 3340 Porsouus.
645 3278 747 3343 άϊοτος
771 3276 878 3363 vulgo.
912 3278 1033 3344 Eadem
1058 3283 1267 3350 eontractione

170 3380 333 3466 aliquoties
355 3402 430 3442 usus
451 3392 498 3442 est
521 3377 725 3464 Lycophron,
742 3376 783 3440 de
804 3400 869 3464 quo
885 3377 966 3443 dixit
984 3381 1205 3450 Bachmannus
1225 3386 1268 3450 ad

170 3505 200 3545 v.
217 3501 271 3564 71.

212 3584 287 3667 566.
303 3581 407 3667 κήρνξ]
424 3577 630 3645 Scribeudum
646 3583 733 3660 κῆρυξ
747 3600 818 3642 cum
835 3580 918 3644 Rob.

214 3685 422 3767 κατειργαθοῦ]
454 3680 636 3764 κατεργάθου
658 3679 739 3746 libri.
773 3681 965 3764 κατειργάθου
991 3685 1149 3752 Portunus
1170 3710 1269 3777 pravo

169 3800 308 3849 accentu.

212 3889 287 3972 567.
301 3888 321 3966 ἥ
336 3887 361 3949 τ’
375 3884 444 3969 οὖν]
461 3802 512 3950 llr'
528 3885 582 3949 οὖν
596 3885 647 3948 Μ.
676 3888 705 3949 εί
716 3883 741 3948 τ’
757 3885 810 3950 οὖν
822 3886 931 3951 Guelf.
947 3889 1022 3953 Par.
1048 3889 1068 3971 ἤ
1081 3888 1105 3953 τ’
1121 3892 1175 3957 οδν
1188 3892 1266 3958 Ald.

171 3988 274 4051 Turn.
306 3988 356 4051 εἴτ’
372 3988 426 4052 οὖν
441 3986 525 4051 Rob.
562 3988 725 4052 Lacunam
740 3987 883 4074 impetite
897 3990 1035 4077 explevit
1050 3992 1221 4060 Tricliniua
1233 3995 1266 4060 iu

170 4090 212 4152 T.
229 4092 279 4152 εἴτ’
291 4090 345 4153 οὖν
360 4089 511 4171 διάκτορος
525 4088 613 4153 πέλει
626 4089 795 4172 τυριτηνική.

213 4192 356 4276 διάτορος]
372 4192 523 4274 διάκτορος
538 4194 611 4257 Par.
635 4193 769 4275 διάτορος
782 4194 800 4273 ἡ
815 4194 899 4259 Rob.

211 4306 287 4374 572.
304 4290 361 4376 είς]
379 4293 584 4358 Scribeudum
600 4297 640 4362 ἒς.

211 4409 286 4478 573.
309 4394 386 4457 τόνδ’
404 4397 476 4461 Ρατ.
507 4398 561 4462 τδν
584 4398 693 4465 Guell‘.
714 4398 791 4463 Ald.
825 4402 912 4465 τῶνδ’
933 4400 1004 4467 libri
1024 4403 1147 4490 reliqui.
1180 4407 1267 4473 τόνδε

171 4498 314 4560 Orestem
328 4493 415 4561 dicit.
