2984 5054
531 353 600 416 AD
623 352 955 417 CHOEPHORAS.
1229 356 1294 422 477

237 519 312 597 624.
329 519 455 598 ἀκαίρως
470 518 517 605 δὲ]
536 519 647 582 Lectio
662 520 780 584 vitiosa.

237 621 272 683 τδ
287 622 432 702 δυσφιλὲς
446 620 609 702 γαμήλενμ’
626 623 792 705 ἀπεύχετον
805 623 905 700 δόμοις
919 619 994 684 nihil
1007 620 1093 686 aliud
1108 622 1292 708 significare,

193 743 290 808 quarn
314 722 565 808 Clytaemnestrae
591 737 621 786 et
647 722 786 808 AEgisthi
811 720 932 784 illicitos
959 742 1080 786 amores
1105 723 1154 787 rel
1180 725 1293 789 exinde

193 835 291 911 patet,
312 822 400 909 quod
421 824 490 910 ejus
512 823 699 887 mentionem
721 822 835 887 chorus
853 821 995 886 amittere
1017 845 1078 887 non
1102 838 1235 911 poterat,
1256 842 1293 890 ut

192 924 296 989 locum
319 947 515 990 communem
538 924 624 988 deri
645 923 759 988 amoris
780 923 940 987 muliebris
961 923 1021 988 hoc
1040 925 1133 989 etiam
1148 926 1293 1014 exemplo

193 1027 401 1092 confirmaret.
425 1027 525 1091 SCH.
566 1029 639 1107 624.
668 1028 743 1110 625.
767 1040 800 1090 et
820 1025 1034 1111 antistrophici
1061 1030 1134 1114 632.
1161 1031 1236 1114 633.
1258 1028 1292 1092 in

195 1149 293 1192 unum
309 1126 532 1214 conjungendi.

234 1232 306 1316 625.
324 1232 402 1294 Post
416 1232 515 1308 δόμοις
529 1242 664 1313 ponatur
678 1249 808 1291 comma.

237 1334 312 1416 627.
343 1330 388 1396 ἀπ’
414 1332 499 1413 ἀνδρί
528 1329 737 1416 τευχεσφόρῳ]
770 1329 869 1392 Hunc
895 1351 1018 1392 versum
1049 1344 1211 1396 servarunt
1240 1332 1291 1396 M.

196 1431 324 1518 steph:
349 1432 501 1497 omittunt
516 1431 585 1496 libri
601 1429 721 1517 reliqui.

237 1535 312 1601 628.
328 1532 444 1614 δήοισιν
459 1535 619 1598 Porsonus
629 1554 701 1595 cunr
715 1531 854 1597 Psuwio.
877 1532 968 1612 δηίοις
978 1533 1060 1598 libri.
1085 1535 1291 1601 Scribendum

195 1634 288 1722 δήοις.

238 1740 362 1823 ἀοικήτῳ
384 1737 496 1821 σέβας]
522 1736 632 1801 Lectio
651 1736 771 1801 vitiosa.
795 1743 815 1772 ⁴‘
827 1734 943 1820 δᾴοισιν
958 1739 1095 1802 ἀπίκοτον
1109 1739 1205 1820 σέβας
1226 1761 1293 1804 ma-

189 1841 288 1923 jutae
301 1839 441 1905 λοαίίἀιις
455 1841 563 1903 invisa
577 1836 703 1903 dicitur.
728 1840 958 1925 Agamemnon,
974 1862 1068 1925 quern
1083 1841 1147 1906 scil.
1160 1842 1291 1929 Trojani

193 1940 323 2004 oderant
339 1955 374 2004 ut
389 1939 519 2012 hostem,
537 1939 757 2003 reverebantur
771 1955 876 2004 autem
891 1955 928 2005 ut
941 1940 1158 2028 imperatorem
1178 1944 1291 2010 fortem

193 2055 225 2105 et
239 2040 429 2107 bellicosum.
477 2041 528 2105 Sic
549 2040 632 2104 idem
655 2063 684 2103 v.
700 2056 753 2125 54
771 2043 868 2123 σέβας
888 2045 1005 2128 ἄμαχον
1020 2045 1171 2125 ἀδάματον
1185 2045 1291 2133 appel-

193 2142 287 2208 latur.
325 2143 415 2207 Alias
430 2144 562 2210 ἐπίκοτος
576 2142 662 2229 apud
679 2143 867 2231 AEschylum
891 2145 1043 2230 significat
1057 2149 1174 2225 iratum,
1187 2151 1290 2235 infin-

193 2266 249 2310 τιισ
271 2261 308 2309 ut
330 2244 491 2310 Prometh.
506 2268 537 2307 v.
557 2247 626 2311 162.
652 2245 738 2328 Sept.
756 2245 828 2309 adv.
845 2245 948 2310 Theb.
966 2269 993 2309 v.
1010 2265 1083 2332 791.
1107 2271 1201 2334 quem
1224 2272 1292 2313 sen-

194 2369 263 2411 sum
279 2347 304 2412 si
319 2345 390 2432 quis
404 2345 462 2410 hoc
479 2369 605 2432 quoque
620 2344 689 2409 loco
702 2346 876 2433 praetulerit
892 2369 953 2410 non
969 2350 1161 2435 repugnabo.
1197 2349 1292 2415 Scho-

194 2449 296 2513 liastes
310 2464 413 2513 tamen
430 2450 553 2533 ἐπικότῳ
569 2448 697 2534 interpr.
714 2453 836 2534 φοβερῷ
853 2449 901 2514 καί
914 2454 1056 2535 σεβαστῷ
1073 2453 1121 2515 καὶ
1135 2455 1216 2533 παρὰ
1229 2460 1292 2521 τοῖς

193 2552 375 2631 solertiore?
396 2552 495 2615 SCH.

237 2656 310 2737 629.
333 2655 385 2718 τίοι
406 2652 431 2716 δ’
447 2675 486 2716 ex
510 2650 638 2717 Stanleii
660 2653 840 2739 conjectura
861 2651 986 2739 legitur.
1017 2656 1087 2718 τίον
1109 2653 1133 2718 δ’
1156 2654 1235 2736 libri,
1251 2680 1291 2722 ex

194 2776 259 2841 quo
272 2752 384 2819 τοιῦνδ
400 2752 472 2817 lecit
489 2755 593 2818 Turn.
631 2753 743 2818 Lectio
757 2753 877 2818 vitiosa.

237 2857 428 2938 ἀθίρμαντος,
445 2857 521 2920 Non
540 2855 721 2940 calefactus,
733 2855 751 2918 i.
768 2876 795 2920 e.
810 2856 965 2921 inostduoe.
996 2857 1180 2940 condonares
1194 2859 1290 2925 schol.

195 2960 369 3024 BLOMF.

238 3063 311 3146 631.
338 3067 434 3125 κακῶν
456 3060 566 3124 lli-rh
591 3060 735 3145 Λήμνιον]
763 3061 877 3125 “Satis
902 3074 977 3124 nola
1000 3073 1047 3124 est
1071 3059 1214 3126 immanis
1238 3064 1292 3128 illa

195 3162 360 3226 mulierum
379 3161 580 3225 Lemniorum
602 3161 634 3224 in
658 3162 784 3226 maritos
806 3162 981 3226 crudelitas.
1020 3160 1117 3226 Unde
1137 3163 1292 3229 Pindarus

195 3262 292 3349 Pyth.
310 3261 372 3326 Od.
387 3282 421 3342 4,
436 3262 511 3343 448.

280 3366 414 3444 Λημνιᾶν
429 3363 455 3425 τ’
470 3362 550 3428 ἔθνει
565 3367 712 3445 γνναικῶν
727 3363 930 3443 ἀνδροφόνων.

196 3464 360 3552 Orpheus:

280 3564 390 3649 Λήμνῳ
406 3567 439 3630 ἓν
453 3564 566 3647 ήγαθίῃ
580 3566 645 3629 τόθι
658 3588 714 3644 περ
729 3565 804 3626 κακὰ
817 3561 891 3644 ἔργα
905 3561 1030 3642 μεμήλει

280 3666 463 3747 θηλυτέραις.

197 3769 279 3832 Rem
303 3781 431 3831 narrant
451 3765 630 3830 scholiastes
658 3762 787 3828 Pindari
818 3778 849 3826 et
875 3761 1053 3828 scholiastes
1079 3765 1239 3854 Apollonii
1262 3790 1292 3848 1,

197 3884 271 3955 773.
317 3867 432 3932 Similis
454 3883 501 3933 est
528 3866 590 3930 alia
617 3865 755 3929 virorum
790 3862 966 3942 crudelitas,
996 3864 1091 3953 hujus
1122 3869 1211 3953 quasi
1240 3872 1293 3934 ἀν·

195 3973 335 4044 τίτοινος,
362 3961 456 4055 quam
484 3970 553 4033 fuse
584 3981 690 4031 nanat
718 3965 902 4029 Herodotus
923 3969 954 4041 6,
981 3968 1052 4050 138.
1083 3969 1191 4054 paucis
1218 3994 1292 4035 vero

195 4072 376 4159 perstringit
405 4070 592 4135 Eustathius
623 4068 663 4132 ad
696 4066 884 4153 Dionysium
918 4067 1035 4131 Afrum
1072 4093 1100 4134 v.
1127 4088 1201 4155 347.
1233 4073 1292 4136 Kal

194 4175 213 4253 ή
244 4178 362 4253 Λῆμνος
395 4173 428 4237 δί
463 4197 534 4236 ποτε
572 4169 698 4256 (inquit)
731 4167 833 4254 ᾠκεῖτο
869 4169 927 4232 ὑπὸ
964 4176 1147 4255 Πελασγῶν,
1179 4172 1215 4252 ἐξ
1249 4176 1292 4239 ὧν

196 4275 313 4355 Λήμνια
328 4272 566 4355 παροιμιάζονται
582 4275 657 4336 κακδ
671 4273 720 4335 διδ
734 4271 801 4338 τοὺς
823 4271 935 4352 φόνους
953 4272 1003 4338 οὓς
1017 4275 1172 4353 ἐποίησαν,
1188 4281 1290 4356 γνναῖ-

197 4377 250 4445 κάς
271 4402 303 4439 τε
323 4379 489 4442 κτείναντες
513 4375 718 4457 αἰχμαλώτους
738 4373 843 4437 ἀδίκως
869 4373 918 4435 καὶ
942 4376 1049 4439 παῖδας
1070 4373 1121 4439 ote
1143 4376 1174 4450 ἐξ
1196 4373 1293 4437 αὐτῶν

199 4477 472 4555 ίτεκνοποιήσαντο.
521 4474 645 4559 Pelasgi
675 4476 789 4538 multas
811 4472 1052 4537 Atheniensium
1080 4472 1223 4538 mulieres
1243 4497 1292 4539 ra-
