2984 5054
494 362 562 425 AD
585 362 987 429 AGAMEMNONEM.
1226 364 1290 427 885

365 525 453 588 Nam
468 529 607 592 maaimo
620 528 705 592 saltu
718 531 883 615 superavit

369 627 534 692 Gravidam
547 630 683 695 annalis
696 649 804 716 equus,

368 729 432 802 Qut
445 751 505 794 mo
518 744 612 816 partu
626 732 731 796 ardua
742 732 859 819 perdat
873 732 1046 818 Pergama.

193 829 329 893 Parium
355 851 484 916 quoque
508 831 582 918 equi
608 833 742 898 Duratei
761 832 896 899 inclusos
924 832 956 896 in
984 853 1022 897 eo
1050 834 1179 898 Danaos
1204 846 1293 897 voest

194 930 364 995 Lueretius
382 951 410 1010 1,
423 934 517 1016 477.”
540 934 638 998 SCH.

238 1033 311 1119 825.
326 1035 578 1122 άοπιδηοτρόφος]
602 1035 715 1101 Malim
731 1038 946 1118 ἀσπιδηφόρος.
979 1034 1084 1101 Theb.
1106 1057 1152 1122 19.
1168 1039 1294 1117 οἰκιστῆ-

190 1162 248 1218 ρος
262 1137 493 1218 άοπιδηφόρονς.
527 1138 581 1203 Sin
598 1138 712 1217 minus,
728 1139 829 1204 saltim
845 1138 1045 1203 scribendum
1060 1159 1132 1202 cum
1150 1137 1294 1202 Triclinii

195 1239 316 1316 Msto„
342 1240 593 1323 άοπκδοοτρόφος,
617 1240 736 1328 quippe
759 1241 792 1304 in
819 1239 1000 1328 hujusmodi
1025 1238 1204 1326 compositis
1231 1261 1293 1304 non

192 1339 384 1411 adhibebant
407 1369 435 1422 η,
458 1342 516 1407 οἱοὶ
535 1342 576 1407 sd
598 1342 760 1408 vitandum
783 1342 926 1407 brevium
950 1341 1140 1429 syllabarum
1164 1363 1294 1407 eonour·

191 1465 274 1509 sum.
296 1443 370 1510 Vid.
387 1445 536 1510 Euststh.
552 1467 584 1532 p.
601 1462 678 1526 422,
693 1464 748 1530 3ο.
772 1447 947 1511 BLOMF.
985 1444 1190 1511 scribendum
1206 1446 1294 1509 άσπι-

195 1547 333 1629 bretim-

239 1650 313 1715 826.
329 1651 407 1731 άμφὶ
421 1648 580 1714 Πλειάδων
594 1650 692 1735 δύσιν]
711 1651 779 1715 Sub
798 1653 946 1714 autumni
956 1653 1039 1736 fine.
1077 1650 1190 1714 Mense
1206 1650 1297 1714 Maio

195 1749 342 1815 oriuntur
364 1749 520 1828 Pleiades,
544 1770 589 1832 44
611 1752 732 1818 circiter
756 1750 869 1816 diebus
890 1762 962 1838 post
984 1750 1206 1838 {equinoctium
1228 1773 1296 1815 ver-

196 1876 286 1933 num,
306 1869 339 1919 et
360 1853 533 1919 Novembri
555 1853 712 1931 occidam,
736 1853 866 1919 totidem
890 1853 955 1919 fere
974 1852 1086 1919 diebus
1107 1867 1178 1939 post
1199 1854 1297 1940 requi·

196 1955 336 2022 nostium
350 1955 544 2021 autumnale.
578 1956 764 2021 Communis
777 1971 884 2022 autem
899 1955 1050 2021 sententis
1066 1955 1196 2043 ijsm
1212 1955 1298 2020 exci-

196 2081 262 2124 nm
284 2058 381 2123 refert
401 2057 463 2122 sub
486 2057 602 2123 estatis
626 2057 725 2122 initio.
771 2060 888 2122 Totam
919 2081 984 2123 rem
1008 2058 1131 2124 erudite
1152 2058 1298 2146 exposuit

197 2159 364 2225 Stnnleius.
388 2160 564 2227 BLOMF.

241 2263 314 2344 827.
329 2261 512 2347 ὑπερθορὺν]
527 2263 699 2344 δπερθορῶν
714 2264 757 2327 Τ.

242 2363 316 2449 831.
331 2365 424 2428 rolris
434 2363 651 2428 casaubonus.
675 2368 767 2429 τοῦτο
780 2362 860 2429 libri.

241 2464 421 2550 συνήγορον]
437 2465 536 2529 Recte
550 2464 713 2547 ξυνήγορον
729 2466 859 2530 Person.

243 2568 317 2653 832.
330 2568 404 2654 833.
420 2569 492 2633 Hos
506 2590 614 2632 versus
627 2567 703 2633 citat
719 2568 864 2633 Stoboeus
879 2567 988 2633 Floril.
1003 2571 1058 2654 38,
1075 2570 1125 2636 28.

242 2669 317 2754 833.
332 2669 458 2755 φθόνου]
474 2671 598 2751 φθάνον
612 2669 661 2733 Fl.
684 2670 786 2753 φάγον
806 2670 960 2734 Stobaeus.

243 2771 318 2856 835.
334 2770 495 2857 πετομένῳ
510 2772 680 2835 Porsonus.
703 2770 884 2857 πεπομμένφ
898 2771 1004 2858 vulgo.

244 2873 319 2958 839.
330 2871 505 2957 κάτοπτρον]
518 2871 686 2936 Sehutzius
696 2871 930 2959 interpretatur,
941 2875 1105 2962 Erpertus
1115 2874 1195 2951 dico,
1207 2875 1300 2962 (quod

200 2977 236 3038 in
257 2995 365 3038 comm
386 2974 650 3053 οοποντιοάόπονι,
675 2984 826 3063 tanquam
844 2978 880 3039 in
902 2979 1064 3064 speculum
1082 2977 1224 3064 imperi)
1250 2997 1300 3041 eor

202 3078 257 3142 διο.
292 3075 403 3141 Malim
418 3090 521 3140 tamen
537 3100 594 3164 per
607 3099 699 3141 voees
713 3079 830 3158 δμκλάος
845 3079 1009 3161 κάτοπτρον
1022 3078 1205 3165 intelligere,
1220 3080 1300 3141 ima·

197 3180 310 3265 gisem
324 3187 448 3242 tantum
460 3187 491 3243 et
504 3181 635 3263 speeiem
636 3180 897 3264 familiaritatis.
923 3180 1071 3245 Schutzio
1084 3180 1169 3245 favet
1184 3180 1299 3265 Eurip.

202 3280 255 3346 ΕΙ.
271 3280 347 3365 384.
363 3281 398 3360 τῇ
414 3279 438 3345 δ’
454 3283 555 3367 ὁμιλίᾳ
569 3281 695 3364 βροτοὺς
711 3287 857 3363 Κρινεΐτε,
874 3283 922 3347 καὶ
941 3288 1002 3350 τοῖς
1015 3282 1120 3362 ἤθεσιν
1134 3282 1203 3348 τοὺς
1218 3283 1302 3362 εὐγε-

203 3387 273 3450 νεῖς.
308 3381 504 3446 Abreschius
522 3383 597 3447 citet
612 3382 758 3468 AEschyli
773 3406 911 3462 versum,
926 3384 1090 3464 κάτοπτρον
1112 3386 1206 3449 εἴδους
1222 3389 1298 3464 χολ-

204 3486 254 3552 κάς
268 3482 340 3559 ἐστ’,
357 3485 437 3552 οἶνος
452 3487 484 3549 δὲ
500 3490 562 3550 νοῦ.
589 3484 672 3567 (Vid.
690 3485 840 3550 Museum
857 3485 935 3549 Crit.
955 3505 984 3548 1.
1001 3508 1031 3571 p.
1047 3485 1136 3566 428.)
1168 3485 1220 3546 De
1234 3482 1302 3569 ipsa

204 3610 278 3652 voce
300 3587 514 3654 Antiatticists
537 3590 633 3675 Sang.
656 3611 687 3675 p.
715 3605 786 3665 102,
813 3605 861 3650 10.
885 3584 1059 3666 Κάτοπτροο
1079 3584 1114 3648 οὔ
1134 3591 1212 3665 φασι
1237 3587 1301 3647 δεῖν

204 3690 316 3773 λέγειν,
340 3689 409 3756 ἀλλ’
425 3690 581 3772 ἔσοπτρον.
605 3690 778 3756 BLOMF.
825 3689 866 3751 ln
887 3686 950 3750 fine
971 3707 1079 3749 versus
1099 3706 1221 3749 comma
1246 3706 1301 3771 po-

204 3806 308 3856 netur.

248 3893 320 3974 842.
344 3894 525 3975 σειραφόρος
541 3891 590 3956 Fl.
607 3893 651 3955 T.
667 3914 761 3978 quam
783 3890 916 3956 formam
931 3913 971 3954 ex
986 3888 1138 3976 AEschylo
1152 3902 1303 3953 memorat

206 3993 322 4059 Pollux
338 4011 368 4078 7,
387 4011 438 4073 24.
455 3995 656 4075 σειροσφάρος
670 3992 775 4079 vulgo.

247 4096 321 4176 848.
346 4095 404 4180 δτῳ
431 4097 464 4158 δὲ
488 4095 536 4158 καὶ
559 4099 606 4158 δεῖ
626 4093 790 4176 φαρμάκων
814 4092 976 4177 ποκονίον]
1000 4093 1052 4155 De
1074 4092 1303 4157 oonstructione

205 4196 291 4261 verbi
305 4202 433 4262 δεΐοοω
449 4195 556 4260 dativo
570 4218 599 4258 v.
616 4192 726 4259 Elmsl.
744 4192 784 4257 ad
801 4191 914 4277 Eurip.
931 4192 1021 4258 Med.
1036 4208 1111 4278 552.

248 4298 321 4382 849.
344 4297 465 4364 κάοντες
486 4295 505 4375 ἢ
527 4296 676 4381 τεμόντες]
699 4294 944 4359 Alluditautem
960 4294 1000 4358 ad
1023 4310 1164 4359 veterum
1179 4293 1302 4359 chirur-

203 4397 299 4485 giam,
313 4421 386 4484 quse
407 4420 465 4484 per
486 4398 602 4461 ferrum
622 4412 654 4461 et
673 4397 841 4460 cauteriem
864 4395 1022 4460 morbidas
1042 4393 1180 4480 eorporis
1201 4409 1305 4479 partes

205 4499 369 4567 tractabat
406 4499 500 4565 Plato
513 4520 564 4586 sp.
581 4497 678 4584 Diog.
695 4499 803 4563 Laert.
819 4517 852 4582 3,
869 4499 920 4583 85.
935 4520 955 4561 a
969 4494 1107 4561 Stanleio
1128 4493 1303 4580 adlegans,

706 4619 768 4685 30
