2984 5054
441 357 509 420 AD
532 357 931 424 AGAMEMNONEM.
1172 357 1236 423 427

182 523 275 585 1606.
298 523 519 608 συνεξελαύνει]
535 525 634 589 Recte
649 524 855 604 ξυνεξελαύνει
872 526 1236 608 Ρο11011111,01ξυνόφας

137 647 168 686 ν.
186 625 278 708 1609.

183 727 274 788 1611.
290 727 403 811 ἰδόντα]
420 729 511 791 ἰδόντι
526 728 570 806 Τ,
585 741 667 792 recte
682 728 821 792 fortasse.

184 827 273 891 1611.
296 829 428 908 ὑβρίζειν
450 830 483 892 ἐν
505 835 640 893 κακοῖσιν
659 831 694 893 ού
709 829 807 912 σέβω]
827 827 1236 916 801111.Α]”.1107.αύδάύ

135 929 272 1007 τοιαύτην
297 935 443 1010 γλῶσσαν
469 931 503 993 έν
526 937 626 998 κακοῖς
652 936 741 1012 φιλῶ.
761 949 851 1012 1140.
875 929 936 998 Ὃς
958 933 992 995 ἐν
1016 937 1115 999 κακοῖς
1136 934 1236 1012 ὕβριζε

136 1035 215 1093 τοῖσι
228 1036 288 1094 τῶν
301 1031 405 1098 πέλας.
429 1032 603 1095 BLOMF.

184 1133 277 1216 1613.
291 1135 377 1197 τόνδε
392 1131 451 1215 φῂς
467 1132 623 1196 Pauwius.
646 1131 722 1197 τόνδ’
740 1133 816 1214 ἔφης
829 1132 935 1219 vulgo.

183 1234 275 1312 1614.
294 1233 443 1319 ἔποικτον]
459 1233 570 1299 Lectio
584 1248 737 1320 suspecta.
762 1235 845 1314 όξιον
860 1237 958 1300 οἴκτου
971 1235 1016 1322 gl.
1032 1235 1064 1298 in
1080 1236 1123 1300 Τ.
1148 1238 1237 1299 ἐπακ-

138 1333 193 1398 τδν
207 1332 422 1422 Musgravius.

184 1436 278 1499 1616.
299 1433 490 1518 δημορριφεῖς
510 1438 670 1516 λευσίμους
687 1436 772 1521 ἀράς]
787 1437 1030 1502 Ensecrctionea
1042 1437 1153 1523 poprdi
1166 1459 1238 1502 cam

137 1535 330 1623 lapidatione
350 1539 451 1603 cditoe.
498 1540 661 1624 Frequens
681 1551 728 1601 est
742 1538 828 1624 apud
844 1553 962 1602 veteres
977 1537 1141 1624 scriptores
1155 1539 1236 1626 lapi·

138 1634 272 1702 dationis
287 1639 413 1716 mentio,
427 1661 492 1724 quo
505 1660 619 1726 genere
639 1638 784 1726 supplicii
805 1639 953 1702 utebatur
973 1638 1119 1725 populus,
1136 1662 1235 1725 quum

138 1738 243 1803 subita
263 1740 477 1827 indignatione
501 1753 676 1804 commotus
700 1755 790 1817 01101,
814 1739 891 1825 quia
913 1738 1027 1803 scilicet
1053 1739 1171 1825 lapides
1196 1742 1237 1805 ad

139 1861 266 1904 manum
291 1856 323 1907 et
344 1855 460 1930 praesto
481 1842 595 1928 cuique
615 1842 773 1928 jacebant.
802 1843 933 1907 Homer.
961 1841 1000 1905 11.
1024 1847 1058 1907 Γ.
1080 1845 1132 1927 56.
1156 1845 1238 1909 ἀλλὰ

139 1941 222 2020 μάλα
235 1948 335 2024 Τρῶες
355 1944 532 2023 δειδήμονες·
555 1944 574 2023 ἦ
593 1944 628 2007 τέ
649 1969 700 2009 κεν
714 1945 768 2024 ἤδη
783 1943 897 2007 Λόῖνον
913 1944 989 2008 ἔσσο
1003 1949 1125 2026 χιτῶνα,
1142 1952 1239 2010 κακῶν

141 2041 220 2127 ἕνεχ’
235 2045 316 2109 ὅσσα
331 2044 486 2127 ύέύοργας.
508 2044 528 2109 1.
544 2068 571 2108 0.
585 2048 616 2109 ai
624 2046 732 2129 firror
748 2046 917 2132 popularis
935 2055 1020 2109 metu
1039 2068 1104 2110 non
1111 2049 1240 2131 fideret

140 2148 318 2226 restinctos,
319 2146 517 2233 jampridem
534 2146 697 2232 lapidatos
711 2167 801 2210 casea.
817 2145 934 2233 Eurip.
952 2147 1023 2211 Ion.
1038 2166 1130 2229 1140.
1146 2150 1237 2213 θανό-

140 2271 193 2311 τον
206 2250 350 2328 λεύσιμον
364 2248 439 2312 ἄταν
453 2249 661 2330 ἀποφυγοῦσα.
689 2295 691 2298 -
706 2248 824 2312 Confer
837 2247 915 2313 ibid.
933 2249 1006 2329 726.
1036 2249 1087 2312 De
1103 2249 1236 2335 Cyrsilo‚

141 2347 299 2435 lapidibus
323 2349 449 2427 obruto,
473 2349 516 2413 ob
540 2347 702 2412 consilium
728 2349 976 2414 Atheniensibus
997 2348 1108 2414 datum
1133 2352 1241 2416 Medis

142 2448 285 2529 cedendi,
301 2450 364 2515 vid.
384 2452 547 2514 Demostn.
564 2449 605 2513 de
624 2451 739 2513 Coron.
760 2455 784 2532 ς.
800 2453 852 2515 60.
877 2449 1086 2532 (Valckenaer.
1109 2451 1148 2515 ad
1173 2455 1241 2516 He-

142 2551 244 2616 rodot.
265 2573 297 2637 9,
315 2553 363 2638 5.)
408 2554 524 2617 Noster
546 2551 650 2615 Theb.
668 2553 739 2637 183.
762 2557 912 2634 λευστῆρα
933 2553 1025 2632 δήμου
1046 2550 1071 2617 δ’
1095 2555 1130 2618 ού
1151 2579 1179 2617 τι
1199 2554 1240 2634 μὴ

142 2657 224 2742 φύγῃ
237 2658 339 2738 μόραν.
364 2657 407 2720 D.
424 2657 506 2720 Luc.
523 2672 574 2731 20,
591 2655 622 2717 6.
644 2656 732 2723 raso
752 2653 827 2721 λαδς
846 2654 1040 2720 καταλιθάσει
1055 2655 1139 2735 ἡμᾶς.
1186 2655 1240 2720 Cf.

143 2757 257 2845 Eurip.
281 2759 384 2822 Orest.
407 2773 461 2843 50.
483 2758 557 2840 436.
586 2759 688 2820 θανεῖν
710 2753 758 2819 ὑπ’
785 2757 885 2820 &mov
907 2759 1040 2841 λευσίμῳ
1065 2758 1240 2838 πετρόματι.

143 2859 216 2924 Vid.
232 2859 289 2923 AE.
305 2858 394 2925 Porti
410 2860 491 2923 Lex.
508 2859 580 2921 Ion.
596 2880 625 2921 v.
642 2859 834 2922 Καταλεύειν.
859 2858 1032 2922 BLOMF.

190 2961 283 3025 1618.
299 2962 483 3043 κρατούντων
495 2964 554 3023 τιῖν
565 2959 614 3023 ἐπὶ
628 2960 703 3044 ζυγῷ
719 2959 816 3043 δορός]
829 2960 938 3024 Miror
949 2959 1051 3046 inquit
1060 2959 1239 3045 AEgisthus,

144 3074 182 3143 te,
197 3066 252 3151 qut
267 3063 416 3148 miseriori
430 3082 515 3125 remo
524 3060 667 3124 maidens
682 3061 762 3123 tolia
773 3074 836 3124 tam
851 3059 1008 3125 licentiose
1022 3062 1177 3125 adversos
1191 3082 1241 3127 eoa

145 3166 316 3248 voorflrars’
333 3164 443 3249 quiin
465 3169 606 3225 transtro
627 3161 765 3224 sederim
786 3182 895 3224 rerum
911 3165 1092 3248 potiuntur.
1138 3164 1243 3226 Meta-

108 3247 117 3268 ’
144 3265 275 3353 phorom
302 3262 412 3327 sumsit
435 3285 455 3325 a
483 3259 598 3348 triplici
627 3260 780 3347 remigum
809 3261 929 3327 ordine.
974 3262 1098 3327 Vilioris
1126 3262 1244 3328 ordinis

146 3365 297 3444 homines,
313 3364 461 3452 plebeios,
480 3385 551 3428 cum
575 3364 761 3443 θαλαμίταις,
782 3363 838 3449 qui
860 3363 958 3427 infimi
981 3363 1186 3449 remigabant,
1210 3366 1244 3428 ἐν

145 3469 291 3548 θσλόμαις
301 3496 310 3542 ;
332 3466 499 3553 optimates
519 3479 624 3529 autem
646 3487 671 3529 1.
695 3463 851 3553 principes
871 3487 943 3530 cum
961 3467 1098 3547 ζυγύταις,
1113 3463 1170 3549 qui
1184 3463 1244 3528 illis

144 3571 271 3659 quidem
297 3569 471 3658 superiores
493 3569 525 3632 in
551 3568 655 3632 medio
679 3566 790 3632 ordine
815 3589 840 3631 1.
863 3569 897 3631 έν
917 3572 1015 3649 ζυγοῖς
1036 3565 1242 3652 remigabant,

144 3687 315 3761 comparat.
332 3674 517 3754 κρατούντων
531 3669 615 3751 δορὸς
626 3671 677 3733 vel
690 3667 746 3756 qui
762 3670 854 3733 laeto
868 3667 899 3730 11.
911 3690 937 3732 e.
955 3679 1107 3754 potestate
1121 3664 1244 3745 bellico,

144 3775 238 3841 armis
252 3774 428 3863 potiuntur,
444 3772 493 3837 vel
508 3773 562 3859 qui
577 3792 691 3836 nonem
706 3781 838 3860 regant,
853 3770 897 3834 ita
919 3784 955 3834 ut
977 3769 1063 3851 ὃορδς
1083 3790 1142 3855 pro
1162 3788 1244 3832 nove

145 3880 264 3945 dictum
286 3878 335 3955 sit,
358 3876 444 3963 quod
469 3874 605 3940 Stanleio
629 3873 741 3961 placet.
785 3872 880 3936 Prius
904 3888 1007 3937 tamen
1031 3870 1121 3936 nobis
1145 3869 1245 3957 magis

146 3979 306 4065 probatur.
331 3976 432 4043 SCH.

192 4083 285 4165 1619.
300 4078 424 4164 γνόσει]
439 4080 540 4160 γνόση
554 4075 635 4141 libri.

192 4185 285 4252 1610.
300 4181 467 4265 εῖρημένον]
484 4180 656 4261 προσταγὲν
671 4177 747 4261 αύτῷ
762 4176 804 4262 gl.
820 4176 851 4238 in
869 4176 911 4239 T.

193 4288 283 4350 1611.
301 4282 424 4370 δεσμὸς]
441 4281 553 4362 δεσμὸν
569 4279 617 4344 Fl.
635 4280 711 4341 Ven.

192 4391 284 4467 1624.
299 4389 426 4453 πταίσας
442 4386 610 4448 Porsonus.
634 4380 816 4466 Legebotur
831 4377 939 4456 πήσας.
958 4379 1068 4443 παίσας
1081 4371 1244 4438 scholiasta

148 4490 276 4555 Pindari
292 4490 389 4576 Pyro.
408 4507 437 4565 1,
453 4504 524 4572 173.

648 4599 744 4665 3112
