2984 5054
474 350 541 411 AD
565 347 896 412 CHOEPHORAS.
1172 348 1236 415 449

133 509 277 576 habiliter
300 511 488 577 Erfurdtius
511 512 552 576 ad
584 514 681 600 Sopb.
710 514 766 599 Aj.
791 536 823 599 p.
850 513 923 576 626.
955 510 1024 575 ἀλλ’
1051 511 1089 590 ἦν
1115 516 1236 592 σαφηνῆ

134 613 276 699 conjecit.

177 718 341 797 ἀπνπτιίξαι
363 741 402 782 ex
428 718 511 782 Rob.
537 717 678 782 relictum
704 741 724 780 a
747 720 896 781 Porsono.
938 715 1038 778 Recte
1065 715 1234 780 ἀποπτύσαι

135 817 238 883 Turn.
261 843 301 883 ex
323 819 450 898 scholio,
473 823 658 885 ἀποπτύσαι;
690 825 824 901 μισῆσαι.
848 821 1006 883 ἀπόπτνσα
1028 816 1137 880 Guelf.
1161 817 1232 881 ἀπέ-

133 943 231 985 moa
245 919 322 984 Ald.
346 924 511 1003 ἀποπρίσαι
526 923 576 986 Μ.

180 1023 251 1106 198.
267 1022 295 1105 γ’
311 1046 373 1087 om.
391 1024 501 1088 Guelf.
520 1023 596 1088 Ald.
613 1025 697 1088 Rob.
716 1025 821 1087 Turn.

180 1141 253 1189 200.
269 1125 367 1210 τιμὴν]
381 1126 449 1206 τιμὴ
461 1129 505 1190 Is.
518 1125 657 1189 Vossius.
680 1126 766 1206 τιμὴν
780 1125 897 1211 legerat
908 1123 1091 1197 solroliasto;
1116 1127 1238 1205 ἄγαλμα

134 1226 265 1304 τύμβους
301 1230 399 1292 λείπει
419 1229 439 1308 ἡ
462 1231 513 1295 είς.
558 1230 603 1293 Et
626 1243 707 1292 stare
733 1227 858 1313 quidem
884 1240 996 1313 potest.
1021 1229 1136 1312 Agam.
1162 1243 1236 1309 217.

134 1327 210 1391 ἔτλα
234 1327 259 1392 δ’
286 1329 339 1393 οδν
366 1330 454 1410 θυτὴρ
480 1328 625 1411 γενέσθαι
644 1329 648 1418 Ι
669 1329 814 1410 θυγατρὸς
839 1331 1073 1409 γυναικοποίνων
1097 1328 1238 1407 πολέμων

134 1429 265 1510 ἀρωγάν,
286 1428 292 1518 Ι
311 1432 359 1494 καὶ
373 1431 534 1512 προτέλεια
549 1438 638 1496 ναῶν.
684 1432 736 1494 De
752 1432 809 1494 hac
825 1429 1054 1494 constructione
1070 1430 1133 1494 vid.
1150 1431 1236 1495 Mat-

134 1529 210 1594 thioe
237 1533 278 1596 G.
303 1534 347 1597 G.
373 1535 401 1616 δ.
423 1553 498 1618 452.
532 1533 707 1597 Dobraeum
738 1533 777 1597 ad
813 1533 978 1619 Aristoph.
1007 1531 1092 1596 Plut.
1127 1556 1159 1619 p.
1181 1553 1235 1618 39.

135 1632 310 1698 BLOMF.

179 1752 252 1801 202.
266 1737 360 1820 δίκην]
380 1739 443 1823 δίκῃ
460 1739 509 1801 Μ.
527 1736 638 1801 Guelf.

178 1853 251 1921 205.
268 1838 381 1923 στίβοι]
398 1839 491 1903 Hanc
506 1838 673 1925 agnitionis
689 1851 808 1925 partem
825 1837 997 1925 Euripides
1011 1838 1202 1924 perstrinxit,
1217 1863 1236 1903 a

131 1936 273 2002 Stanleio
293 1939 456 2027 allegatus,
471 1941 502 2005 in
518 1941 637 2005 Electr.
651 1959 728 2026 534.
746 1946 816 2006 Πῶς
838 1939 861 2003 δ’
879 1940 916 2003 ἀν
938 1939 1047 2021 γένοιτ’
1064 1941 1102 2005 ἀν
1118 1943 1151 2004 ἐν
1166 1967 1234 2023 κρα·

131 2040 241 2127 ταιλέιρ
266 2042 345 2127 πέδιρ
370 2046 460 2111 Γαίας
484 2050 584 2108 ποδῶν
611 2044 794 2124 ἔκμακτρονι
831 2045 858 2105 εί
883 2041 907 2105 δ’
934 2044 1018 2107 ἐστὶν
1040 2045 1119 2120 τόδε,
1143 2050 1236 2107 Δνεῖν

131 2143 279 2224 ἀδελφοῖν
293 2149 365 2211 ποῦς
386 2145 425 2208 ἀν
444 2146 479 2208 οὐ
500 2144 607 2226 γένοιτ’
628 2149 704 2221 ἴσος,
719 2142 844 2224 Ἀνδρός
866 2169 899 2207 τε
922 2145 970 2207 καὶ
992 2148 1140 2226 γυναικός·
1165 2145 1233 2209 ἀλλ’

131 2243 228 2323 ἀροήν
257 2251 366 2324 κρατεῖ.
421 2248 612 2310 Postremam
638 2269 711 2309 vero
740 2261 873 2333 partem,
901 2261 1050 2332 tanquam
1079 2248 1120 2312 ab
1149 2248 1232 2311 omni

130 2343 223 2430 plane
237 2345 355 2409 ratione
369 2344 499 2411 alienam
515 2347 716 2411 deridendam
738 2347 964 2431 spectatoribus
985 2348 1131 2434 propinat
1154 2350 1231 2414 ibid.

129 2467 160 2510 v.
174 2463 249 2531 541.
273 2449 336 2512 Οὐκ
358 2447 447 2526 οἶσθ’,
466 2449 612 2530 Ὀρέστης
633 2447 706 2528 ἡνίκ’
731 2451 862 2512 ἐκπίπτει
883 2451 1004 2531 χθονός,
1029 2449 1114 2513 Νέαν
1136 2449 1165 2529 μ’
1191 2449 1230 2514 ἔτ’

128 2550 243 2623 nicom
268 2552 295 2614 εί
316 2553 349 2613 δὲ
371 2553 513 2632 κᾶκρεκον
534 2550 677 2626 πέπλους,
692 2555 764 2616 Πῶς
785 2551 832 2622 ἄν,
849 2548 908 2613 πότ’
930 2549 973 2613 δν
994 2557 1074 2628 παῖς,
1090 2556 1143 2614 νῦν
1165 2552 1231 2635 έχοι

129 2650 207 2715 ταῦτ’
224 2651 261 2716 ἂν
276 2651 366 2734 φάρη,
392 2656 428 2717 El
449 2654 489 2733 μὴ
511 2651 692 2732 ξυναύξοινθί
709 2655 739 2716 ol
760 2651 869 2715 πέπλοι
890 2653 931 2737 τῷ
954 2654 1068 2732 σώματι
1080 2681 1088 2725 ;
1135 2654 1229 2730 Quod

130 2753 300 2840 Euripides
322 2753 476 2842 AEscbylo
498 2754 574 2817 vitio
597 2754 699 2830 vertit,
721 2754 752 2817 id
780 2753 1025 2840 pulcherrimum
1050 2769 1080 2819 et
1103 2757 1230 2820 omnino

128 2872 251 2919 naturae
265 2871 507 2920 consentaneum
524 2880 590 2920 csse
604 2857 748 2919 arbitror.
778 2858 897 2920 Notum
914 2873 960 2920 est
976 2857 1062 2943 apud
1078 2873 1229 2923 nostrates

127 2959 340 3044 proverbium,
358 2959 500 3023 homines
521 2959 553 3022 in
578 2958 670 3022 undis
692 2958 847 3044 perituros
870 2958 917 3022 vel
941 2959 1070 3046 stipulas
1092 2976 1228 3047 captare.

128 3061 213 3138 Quid
235 3060 360 3138 mirum,
376 3062 411 3140 si,
427 3062 459 3125 in
481 3084 515 3124 re
537 3061 708 3147 desperata,
726 3059 773 3124 vel
797 3059 980 3124 levissimam
1005 3062 1070 3148 spei
1092 3064 1226 3127 occasio·

126 3185 197 3227 nem
219 3163 310 3228 avide
331 3165 502 3252 captaverit
520 3162 659 3239 Electra,
674 3184 774 3247 quum
792 3162 981 3248 jamdudum
1004 3166 1125 3227 Orestae
1148 3165 1226 3229 redi-

128 3279 196 3328 tum
219 3265 333 3351 cupide
355 3269 571 3353 expectasset?
617 3264 795 3333 Quinetiam
811 3264 878 3350 ipsa
893 3265 1102 3350 suspicionum
1118 3264 1227 3330 levitas

126 3384 260 3430 mentem
284 3366 400 3431 indicat
422 3390 440 3430 a
462 3382 546 3430 recto
570 3381 652 3429 statu
676 3365 815 3428 nonnihil
838 3366 999 3450 dejectam,
1020 3383 1050 3430 et
1072 3390 1092 3429 a
1113 3368 1226 3452 quovis

125 3484 284 3533 momento
305 3468 337 3531 in
357 3468 437 3533 hanc
452 3468 501 3532 vel
521 3467 604 3531 illam
619 3482 739 3554 partem
756 3466 845 3530 facile
860 3466 1036 3553 impulsam.
1081 3467 1224 3546 Accedit,

126 3583 164 3634 ut
177 3587 260 3634 recte
273 3571 449 3635 observavit
467 3571 617 3643 Botheus,
633 3569 718 3654 quod
735 3567 877 3632 tumulus
892 3569 973 3654 regis
988 3568 1128 3632 desertus
1147 3583 1223 3647 erat,

124 3672 202 3737 iram
219 3673 358 3760 AEgistbi
380 3689 412 3737 et
430 3675 679 3760 Clytaemnestrae
702 3669 883 3733 timentibus
899 3670 1039 3756 Argivis,
1055 3669 1139 3732 unde
1160 3692 1222 3733 non

124 3776 206 3840 male
219 3777 259 3840 de
275 3779 385 3841 Oreste
400 3777 532 3862 ejusque
547 3774 653 3859 aliquo
667 3772 764 3836 sodali
779 3772 896 3858 cogitat
913 3772 1007 3858 virgo.
1043 3775 1143 3836 Porro
1158 3771 1223 3858 ipse

124 3892 217 3964 poeta
231 3877 262 3941 in
283 3878 319 3942 iis
339 3901 413 3964 quae
430 3877 571 3964 loquitur
587 3876 706 3940 Orestae
722 3897 853 3960 persona
866 3897 917 3938 vv.
934 3890 1008 3959 225.
1026 3899 1072 3960 sq.
1087 3875 1223 3940 ostendit

123 4003 156 4043 se
174 4003 269 4066 quam
289 3979 357 4044 leve
378 3981 496 4044 fuerint
518 3979 744 4059 ἀναγνωρίσεως
766 3976 908 4053 rationes,
932 3975 1005 4039 satis
1027 3976 1221 4040 intellexisse.

124 4082 298 4148 BLOMF.

166 4187 239 4249 206.
254 4184 368 4271 ποδῶν]
386 4183 410 4248 δ’
425 4182 548 4248 addunt
564 4183 615 4244 M.
632 4176 740 4243 Guelf.
756 4175 833 4240 Ald.
850 4177 933 4241 Rob.

166 4287 238 4350 208.
255 4287 367 4371 σνν-]
384 4288 482 4351 Recte
498 4291 594 4364 ξαν-
608 4285 778 4346 Porsonus.

165 4405 237 4473 209.
264 4387 303 4472 θ’]
331 4392 354 4452 δ’
376 4387 454 4452 Ald.
479 4409 552 4452 cum
578 4384 636 4448 hac
661 4379 920 4466 interpunctione,
944 4384 1058 4457 ποδοῖν,
1082 4380 1171 4443 αὐτοῦ
1194 4380 1218 4441 π’

122 4490 244 4568 ἐκείνου,
261 4492 309 4555 καὶ
323 4516 354 4552 σ.
370 4491 449 4558 τινὸς
462 4489 598 4572 πτέρναι.
624 4485 769 4549 τενόντων
784 4478 869 4542 δ’-.

644 4605 698 4669 3Ιι
