2984 5054
531 341 599 404 AD
622 341 952 406 CHOEPHORAS.
1228 342 1291 410 459

190 506 287 573 verba
300 528 321 571 a
335 505 523 572 Blomfieldo
536 507 630 573 allata
648 507 691 573 sic
712 508 828 596 pergit,
843 506 1011 585 τοῦτ”ἔστι,
1027 508 1106 573 πολὺ
1126 509 1160 572 τὸ
1182 509 1292 589 μεταξὺ

191 614 251 673 τῶν
264 609 381 685 (όντων
398 610 445 673 καὶ
458 611 640 687 τεθυκότων,
655 612 734 690 ὅμως
755 613 788 674 δὲ
809 616 872 678 τοῖς
892 610 1108 691 προσθοδόμοις
1127 607 1293 690 Ἀτρείδαις

191 713 210 775 ό
224 711 296 792 γόος
310 713 327 773 ό
342 712 466 791 εὐκλεὴς
479 713 587 792 ὁμοίως
600 712 720 795 χόριτες
735 712 902 791 κέκληνται.

235 830 310 897 321.
339 812 497 892 κέκληνται
527 815 631 878 Turn.
662 815 773 901 Steph.
798 828 829 879 et
856 812 1027 879 scholiasta.
1061 812 1219 892 κεκλήαται
1242 815 1292 879 Μ.

192 912 333 994 κε’κλητοι
349 912 458 978 Guelf.
473 913 551 978 Ald.
574 913 707 1003 κεκλῇστ’
724 915 762 980 δν
776 913 991 979 Blomfieldus.

238 1033 313 1101 322.
337 1017 568 1101 προσθοδόμοις]
586 1016 770 1096 Scholiasta,
785 1024 848 1084 τοῖς
866 1019 1010 1099 πρότερον
1031 1016 1177 1097 ἐσχηκόσι
1191 1016 1292 1095 δόμον.

195 1121 251 1183 νῶν
265 1121 323 1200 γὰρ
338 1118 391 1182 οὐκ
411 1120 471 1186 είσὶ
492 1121 587 1200 δόμοι·
611 1124 727 1201 φροῶδα
748 1122 805 1202 γὰρ
827 1117 888 1183 τόδ’
911 1117 975 1198 ἤδη.
1000 1115 1179 1202 (Euripidis
1201 1117 1297 1181 verba

199 1217 289 1284 Med·
304 1221 393 1306 139·)

240 1337 316 1407 325.
330 1325 448 1404 μαλερδ
463 1322 633 1385 Porsonua.
655 1323 674 1401 ἡ
687 1324 804 1403 μαλερὰ
817 1319 899 1384 libri.

242 1423 316 1509 328.
332 1421 511 1506 ότοτόζεται]
527 1423 695 1501 ότοτόξεται
710 1422 793 1486 Rob.

242 1523 391 1609 θνήσκων]
406 1526 554 1603 θνηίσκων
569 1525 619 1589 Μ.
665 1523 782 1586 Versus
802 1522 900 1587 Ionici
923 1523 973 1588 hic
995 1537 1026 1587 ct
1047 1522 1129 1586 infra
1149 1519 1246 1608 vulgo
1265 1519 1298 1584 in

199 1624 349 1689 dimetros
363 1623 521 1711 descripti.

242 1745 316 1814 329.
338 1726 475 1807 πατέρων
489 1750 523 1790 τε
539 1727 585 1807 (δὲ
601 1724 817 1806 Hermannus)
834 1725 883 1789 καὶ
896 1724 1053 1809 τεκόντων]
1070 1723 1182 1809 Eurip.
1200 1723 1297 1787 Herc.

199 1829 223 1895 f.
239 1829 331 1914 1368.
346 1829 364 1891 ό
378 1829 478 1909 φύσας
491 1827 536 1910 χῶ
551 1828 644 1890 τεκῶν
658 1829 732 1908 ὑμῶς
745 1826 841 1907 πατήρ
855 1825 1046 1911 comparavit
1063 1824 1277 1889 Schwenkius.

245 1949 319 2016 331.
341 1928 376 1993 τδ
398 1930 474 2016 πῶν]
492 1927 595 1992 Schol.
610 1933 691 2008 ζητεῖ
704 1928 739 1992 τὸ
754 1930 1019 2009 ἀντιτιμωρεῖσθαι.
1042 1929 1119 2008 ὅμως
1133 1929 1185 1992 οὐκ
1199 1926 1304 2008 ἠρεμεῖ

202 2030 337 2114 ἧψυχή·
361 2035 442 2111 ζητεῖ
464 2033 522 2111 γὰρ
547 2035 700 2097 παντελῶς
723 2028 933 2111 ταρασσομίνη
956 2029 1011 2108 τὴν
1033 2031 1191 2110 ἐκδίκησιν.
1217 2026 1303 2091 unde

203 2136 311 2196 ποινὰν
324 2153 383 2218 pro
405 2131 439 2194 τὸ
461 2134 521 2194 πῶν
542 2145 706 2216 reponunt
722 2131 891 2194 Schutzius
912 2146 944 2194 et
964 2132 1178 2195 Hermannus.
1204 2131 1303 2212 (τίτον

205 2234 366 2299 Martinus
380 2232 510 2297 Observ.
525 2232 593 2297 cn't.
609 2255 641 2318 p.
654 2238 718 2317 13.)
765 2232 827 2297 Sed
850 2232 1050 2297 manifestum
1072 2247 1130 2310 est,
1150 2232 1302 2318 interpre-

205 2351 268 2401 tem
285 2336 434 2401 Graecum
450 2356 539 2398 voces
553 2334 587 2396 τὸ
602 2334 953 2414 ἀντιτιμωρεῖσθαι-τὴν
972 2337 1131 2414 ἐκδίκησιν,
1147 2331 1302 2419 supplere,

207 2452 244 2502 ut
257 2438 289 2502 id
305 2439 392 2525 quod
407 2435 657 2501 subaudiendum
674 2453 733 2511 est,
747 2434 873 2498 indicet.
896 2437 1072 2499 BLOMF.

249 2560 324 2627 332.
340 2566 394 2606 νυν
409 2538 518 2604 Guelf.
542 2543 595 2602 νῶν
610 2535 715 2623 vulgo.

248 2660 324 2729 335.
339 2645 388 2707 τοί
400 2643 429 2704 σ’
447 2638 641 2706 Schuetzius.
664 2643 726 2705 τοῖς
740 2636 823 2715 libri,
840 2635 898 2700 nisi
912 2638 998 2723 quod
1013 2638 1081 2706 τοὺς
1096 2639 1200 2702 Turn.

250 2747 423 2825 ἐπιτύμβιος
445 2744 658 2805 Hermannus.
694 2740 905 2818 ἓτιτυμβιδίοις
929 2737 1012 2816 libri,
1035 2740 1122 2826 quod
1145 2741 1248 2804 Turn.
1272 2739 1305 2805 in

208 2848 426 2927 ἑπιτνμβιδίονς
444 2841 586 2907 mutavit.
610 2843 810 2920 ἑπιτυμβίδιος
828 2856 1004 2906 correxerat
1025 2843 1217 2908 Schuetzius.
1242 2844 1305 2908 ἐπι-

209 2949 335 3029 τύμβιον
350 2947 435 3011 αίνον
449 2945 530 3009 dixit
544 2942 655 3008 AEsch.
671 2947 894 3029 Agam.1547.

211 3115 213 3118 .
244 3049 372 3136 θρῆνος]
390 3046 513 3128 θρήνους
527 3044 605 3109 Ald.
621 3046 728 3106 Τυτη.

253 3147 460 3233 ἀναστενάζει]
476 3145 672 3224 ἀναστενάξει
688 3147 736 3209 Μ.

252 3272 327 3337 339.
342 3252 413 3332 ἀτερ
428 3250 536 3333 κακῶν]
556 3246 599 3310 ἅτ’
616 3250 650 3311 ἐν
662 3253 759 3311 κακῶν
774 3245 849 3309 Ald.
874 3247 944 3312 αὔτε
959 3254 1053 3315 κακῶς
1067 3247 1172 3313 Turn.
1187 3250 1307 3335 Agam.

212 3372 286 3434 204.
301 3354 333 3415 τί
344 3349 427 3414 τῶνδ’
444 3351 515 3414 ἀνευ
531 3354 645 3421 κακῶν;
672 3348 804 3411 BLOM
811 3348 845 3410 F.

253 3454 418 3536 ἀτρίακτος]
437 3453 514 3515 Non
537 3451 719 3514 vincendas.
765 3448 947 3526 Scholiasta,
964 3448 1022 3512 ἀπὸ
1045 3453 1104 3513 τῶν
1123 3454 1311 3526 παλαιστῶν,

211 3558 241 3621 oi
254 3555 478 3638 ἀποτριάζονται
492 3553 549 3617 ὑπὸ
563 3558 622 3616 τῶν
637 3552 819 3616 ἀντιπάλων.
843 3551 1017 3614 BLOMF.

256 3676 331 3744 340.
360 3654 486 3744 χρῄζων]
518 3655 636 3731 Volent,
660 3655 701 3718 Si
724 3654 814 3718 volt:
848 3674 909 3714 non
935 3666 1041 3716 autem
1070 3653 1088 3715 ό
1117 3654 1311 3736 χρησμῳδῶν,

213 3758 301 3847 quod
315 3757 359 3822 ait
374 3756 544 3821 scholiasta
569 3756 742 3820 BLOMF.

256 3880 331 3946 341.
347 3857 423 3943 θείη]
439 3857 494 3937 θήη
506 3858 559 3921 Μ.
575 3855 685 3921 Guell'.
700 3856 779 3922 Ald.
794 3856 878 3921 Rob.

257 3981 332 4047 343.
361 3958 469 4044 παίων]
500 3956 707 4022 Scribendum
732 3957 833 4022 παιάν.
860 3957 900 4020 V.
925 3971 1032 4022 notata
1057 3957 1096 4021 ad
1127 3958 1213 4044 Sept.
1240 3957 1313 4020 268.

214 4064 331 4152 quibus
352 4062 411 4125 hoc
433 4074 555 4124 tantum
578 4059 756 4146 adjecerim,
772 4061 868 4124 πανόν
885 4059 1036 4137 Ionicum,
1052 4058 1144 4123 παιάν
1159 4082 1233 4123 vero
1248 4060 1315 4123 Do·

215 4167 311 4229 ricam
327 4163 459 4228 formam
475 4161 570 4226 fuisse
584 4160 724 4246 ejusdem
739 4161 880 4226 nominis.
919 4163 1000 4225 Mox
1017 4164 1222 4241 ἐμβασιλείοις
1235 4160 1315 4224 Ald.

217 4281 248 4330 et
264 4266 400 4330 νεοκάτα.
424 4264 599 4328 BLOMF.

260 4388 335 4451 344.
361 4368 511 4447 κομίσειεν
533 4367 704 4429 Ροτςοοιις.
731 4367 840 4446 κομίζει
864 4366 915 4430 Μ.
940 4364 1049 4431 Guelf.
1074 4363 1150 4429 Ald.
1173 4363 1257 4428 Rob.
1283 4388 1320 4444 γε

221 4473 332 4551 κομίζοι
347 4471 450 4533 Τυτη.
469 4468 578 4555 steph.

719 4585 819 4651 μιν
