2984 5054
203 347 267 411 878
563 349 939 413 ANNOTATIONES

203 512 313 589 sibilia,
335 512 491 599 profectos
511 536 576 577 esse
594 513 695 588 dicam
720 514 800 579 sicut
815 525 943 576 venator
963 511 1039 576 ferae
1053 509 1182 596 vestigia
1198 531 1304 596 perse-

202 614 320 699 quitur.
345 616 446 679 SCH.
491 613 643 679 Delestur
656 638 778 680 comme
792 629 863 702 post
877 612 1059 696 φεράσπιδες
1072 611 1221 698 positum.

245 717 318 800 694.
334 717 487 781 Deleetur
502 732 653 803 punctum
670 733 740 804 post
753 721 838 801 ἴχνος
852 716 893 781 ab
907 715 1073 803 typothets
1085 713 1234 801 positum.

244 819 319 902 695.
333 818 465 902 πλάταν]
485 817 690 882 Scribeudum
704 825 823 884 πλατᾶν
837 841 909 883 cum
924 816 1073 883 Heethio.

244 921 317 1004 696.
334 919 498 985 κέλσαντες
511 920 667 982 Auratus.
691 917 864 982 κελσάντων
878 917 958 982 libri.

243 1024 318 1107 697.
334 1024 532 1103 ἀεξιφύλλους
547 1022 589 1085 Τ.
613 1020 794 1100 άξιφύλλονς
808 1019 888 1084 libri.

244 1126 317 1209 699.
338 1125 632 1209 Ἰλίῳ-ἀνατλᾶσα]
651 1123 714 1186 Ilio
728 1131 832 1186 autem
849 1122 1034 1208 affinitatem
1051 1120 1165 1203 (κῆδος)
1182 1141 1256 1184 vere
1277 1143 1300 1184 ο

199 1227 287 1289 curie
303 1226 413 1310 (κήδει)
429 1227 623 1289 nominatam
637 1233 768 1289 strenuo
782 1226 833 1288 iro
851 1224 1033 1287 Graecorum
1047 1223 1133 1287 etad
1149 1222 1299 1288 ulciscen-

199 1326 276 1390 dum
299 1343 423 1414 promte
436 1327 554 1404 attulit,
569 1347 684 1389 menore
697 1326 872 1413 hospitalis,
887 1348 952 1411 qua
966 1325 1132 1389 Menelaus
1147 1324 1298 1389 Paridem

198 1443 370 1516 exceperat,
386 1439 416 1493 et
429 1429 593 1515 hospitalis
605 1429 699 1492 Jouis
712 1427 1003 1502 dehonestationem,
1019 1450 1043 1492 s.
1058 1428 1126 1513 ejus
1145 1428 1242 1514 spreti
1264 1445 1299 1496 et

198 1530 346 1597 contemti
362 1530 520 1618 injuriam,
532 1540 750 1618 persecutore,
768 1536 891 1617 (poenas
901 1552 960 1616 pro
973 1552 1011 1594 ea
1021 1535 1198 1615 exectum)
1212 1554 1298 1620 πωρ-

197 1636 273 1700 etate
293 1638 374 1702 illud
397 1637 551 1699 coelicum
577 1658 599 1698 s.
626 1633 824 1718 bymeuaeum
847 1655 949 1718 supro
974 1633 1096 1696 modum
1115 1637 1297 1720 punientis,

196 1740 279 1826 quod
299 1749 375 1804 toene
394 1739 504 1825 affines
527 1735 650 1800 Paridis
668 1735 701 1798 in
719 1735 802 1798 illius
821 1749 853 1798 et
872 1758 993 1821 sponsae
1013 1737 1161 1802 honorem
1181 1762 1297 1804 conen-

197 1841 273 1903 dum
287 1842 348 1904 ebt
362 1840 612 1904 arbitrabantur.
643 1839 759 1902 Postea
771 1858 844 1901 vero
859 1846 948 1901 oeteo
962 1839 1088 1903 Priami
1102 1841 1179 1905 urbe
1192 1843 1295 1906 olium

196 1953 324 2005 contum
346 1942 448 2004 luctus
463 1942 594 2027 plenum
617 1940 735 2003 discere
755 1941 858 2026 coepit,
879 1949 909 2005 et
928 1943 1080 2026 graviter
1094 1944 1295 2030 ingemiscit,

196 2043 372 2106 inclemens
394 2042 543 2105 Ρατθάανι
564 2042 701 2126 e'efczusti
725 2043 868 2128 conjugii
894 2051 1064 2121 oewtorem,
1084 2044 1295 2130 lacrymosam

195 2146 231 2207 θιι
240 2153 404 2230 posterum
420 2144 518 2206 vitam
533 2144 619 2206 eirca
632 2144 753 2206 tristem
767 2145 884 2207 civium
905 2146 1108 2231 sanguinem,
1124 2144 1294 2233 sanguino-

194 2249 309 2313 lentam
324 2245 439 2310 civium
453 2244 581 2320 caedem,
598 2246 743 2309 tolerem.
768 2246 868 2309 SCH.

239 2367 312 2434 700.
328 2351 539 2431 τελεσσίφρων
555 2350 598 2413 Τ.
620 2349 808 2430 τελεσίφρων
821 2347 901 2411 libri.

240 2471 312 2536 701.
328 2454 457 2536 ἤλασεν]
476 2453 572 2516 ἔλασε
584 2449 692 2538 Stepb.
731 2451 913 2514 Correctum
926 2473 965 2513 ex
982 2452 1024 2514 T.
1039 2452 1095 2536 qui
1109 2451 1217 2532 ἤλασε.

239 2572 312 2640 702.
326 2557 470 2635 ἀτίμωσιν
486 2556 652 2618 Centerus.
675 2555 784 2632 ἀτίμως
798 2550 835 2615 ἵν’
853 2551 960 2637 vulgo.
982 2550 1018 2616 ἵν’
1033 2576 1096 2619 om.
1112 2556 1155 2619 T.

238 2675 311 2742 705.
328 2660 405 2721 Post
419 2656 615 2738 πρασσομένα
628 2669 660 2718 et
674 2658 788 2721 τίοντας
801 2669 954 2718 commata
968 2671 1135 2741 ponentur.

238 2763 312 2840 706.
327 2756 459 2842 τίοντας]
477 2755 706 2842 corrigendum
722 2757 836 2822 τίοντας
851 2778 922 2819 cum
941 2757 1118 2822 Schuetzio.

238 2878 311 2944 707.
342 2859 486 2940 ἑπέρρεπε
515 2859 684 2921 Porsonus.
722 2857 821 2920 Recte
841 2856 937 2944 vulgo
961 2858 1132 2941 ἑπέρρεπεν.
1167 2861 1294 2944 ἐπέτρε-

194 2990 251 3029 πεν
267 2965 298 3025 Τ
302 3010 310 3026 .

238 3084 311 3152 709.
327 3062 565 3145 μεταμανθάνειν
585 3063 688 3140 ύμνον,
708 3062 841 3124 Veterem
862 3062 1051 3125 cantilenam
1072 3063 1238 3143 dediscere,
1261 3077 1294 3132 et

193 3192 308 3235 novom
330 3170 459 3233 discere.
480 3163 644 3249 Aristoph.
667 3162 754 3226 Plut.
776 3181 850 3247 925.
875 3161 934 3226 οὐδ’
958 3162 995 3226 ἂν
1013 3165 1209 3244 μετομάθοιςς
1236 3167 1293 3231 ubi

194 3269 289 3335 schol.
317 3270 420 3351 κυρίως
448 3266 482 3331 τὸ
506 3271 686 3346 μεταμαθεῖν
717 3265 824 3345 ἔλεγον
852 3265 886 3327 τὸ
915 3267 990 3343 μετὰ
1012 3271 1103 3331 ταῦτα
1132 3267 1234 3348 ἔτερόν
1262 3295 1293 3333 τι

192 3377 311 3454 μαθεῖν,
326 3369 488 3454 άφιεμένον
502 3374 554 3434 τοῦ
570 3370 695 3449 πρώτον.
719 3367 893 3430 BLOMF.

237 3492 311 3558 710.
329 3473 481 3538 Deleetur
495 3493 616 3537 comme
631 3484 702 3556 post
714 3467 828 3551 γεραιά.

238 3592 309 3658 714.
332 3576 510 3656 παμπρόσθη
527 3572 708 3658 (πάμπροσθ
727 3571 745 3650 ἡ
764 3566 984 3651 Blomfieldus)
998 3571 1186 3651 πολύθρηνον
1208 3574 1291 3639 αἰῶν’

192 3677 269 3757 ἆμφὶ
290 3678 431 3762 πολιτᾶν]
457 3674 567 3737 Lectio
585 3685 746 3758 corrupte,
761 3669 801 3732 de
815 3690 879 3754 que
893 3669 1101 3754 conjecturam
1125 3676 1292 3757 proposuit

192 3776 396 3839 Hermennus
418 3775 450 3837 in
474 3779 589 3858 Opuso.
613 3770 674 3834 vol.
695 3792 725 3852 4.
745 3792 778 3856 p.
798 3783 872 3853 337.
899 3768 953 3831 τὸν
978 3770 1170 3851 αἰνόλεκτρον
1188 3769 1195 3857 Ι
1213 3772 1292 3853 πάμ.

191 3872 307 3952 προσθ,
328 3873 347 3952 ἦ
370 3876 557 3953 πολύθρηνον
575 3871 581 3956 Ι
601 3873 703 3943 ateva,
727 3873 820 3953 φθιον
834 3874 965 3956 Ιπολιτᾶν
984 3867 990 3956 Ι
1007 3870 1118 3949 μέλεον
1139 3868 1198 3951 αἷμ’
1215 3874 1289 3937 άνα-

193 3977 304 4036 τλᾶσα.

236 4089 307 4155 717.
332 4071 483 4156 Sequitur
503 4072 651 4159 allegorie
674 4072 862 4137 suavissimis
884 4072 1039 4137 coloribus
1060 4073 1193 4161 expieta.
1232 4078 1292 4142 Sic

191 4175 244 4238 vir
265 4175 381 4260 μάραθα
402 4177 563 4239 nutriebat
584 4175 772 4251 maculem,
795 4176 924 4238 uberum
945 4184 1113 4250 amentem,
1132 4175 1188 4239 sed
1211 4178 1292 4242 lacte

189 4276 366 4363 depulsum,
389 4276 511 4340 cedibus
528 4275 709 4347 exitialem
733 4278 769 4338 ι’τι
791 4279 867 4340 vite
888 4275 1011 4363 quidem
1029 4277 1187 4362 primitiis
1208 4281 1291 4349 cieu-

189 4400 265 4456 τινι,
274 4378 389 4466 peteris
403 4397 524 4455 comm,
540 4385 569 4440 et
583 4375 709 4439 senili-ue
723 4399 843 4464 quoque
853 4385 1000 4466 gratiam,
1011 4391 1070 4442 etc.
1094 4378 1195 4442 SCH.
