2984 5054
190 324 257 389 456
553 323 932 388 ANNOTATIONES

233 514 306 579 293.
322 494 475 558 Deleatur
489 516 611 557 comma
626 507 696 579 post
711 494 874 573 ἀπείργειν.

235 618 306 682 294.
331 603 420 677 μῆνιν
441 596 598 681 δέχεσθαι]
621 595 827 661 Scribendum
849 598 947 673 μῆνιν,
971 592 1114 675 δέχεσθαι
1137 590 1207 654 δ’-
1218 616 1291 656 cuin

190 703 376 763 Hermanno
390 699 430 762 de
445 714 533 763 metr.
544 698 672 762 Pindari
683 720 711 776 1,
722 716 753 781 5.
777 697 906 760 Dictum
919 710 1023 758 autem
1037 695 1096 757 hoc
1110 708 1166 772 est,
1177 695 1293 758 omisso

190 803 285 889 priori
305 804 372 866 ούτε
395 824 452 887 pro
474 803 541 865 οὔτε
563 800 705 883 δέχεσθαι
728 803 761 863 δὲ
786 802 853 864 ούτε
879 801 1023 862 συλλύειν
1048 797 1125 861 τινά.
1171 797 1293 861 Similia

191 904 333 988 exempla
361 925 389 966 v.
419 901 505 989 apud
536 901 683 965 Schaefer.
713 902 752 965 ad
779 902 893 966 Lamb.
917 902 990 963 Bos.
1017 898 1130 984 Ellips.
1154 922 1187 985 p.
1212 915 1289 981 777.

191 1014 213 1044 “
230 1005 323 1083 Quod
338 1004 378 1067 ad
395 1026 460 1067 rem
481 1003 604 1081 attinet,
619 1003 776 1067 Stanleius
794 1003 924 1067 contulit
940 1002 1055 1087 Eurip.
1071 1002 1127 1066 Or.
1142 1004 1198 1083 46.
1219 1000 1288 1081 μήθ

189 1109 264 1187 ἡμᾶς
278 1105 408 1186 στέγαις,
421 1106 473 1183 Μὴ
484 1107 553 1186 πυρὶ
567 1105 719 1188 δέχεσθαι,
734 1104 806 1184 μήτε
821 1109 1012 1185 προσφωνεῖν
1026 1129 1103 1180 τινα,
1117 1109 1291 1185 Μητροκτο-

191 1215 323 1276 υοῦντας.
341 1208 487 1294 Sophocl.
505 1207 582 1271 OEd.
600 1209 642 1270 T.
660 1209 731 1287 246.
747 1205 824 1285 Μήτ’
842 1205 1043 1289 εἰσδέχεσθαι,
1059 1205 1133 1284 μήτε
1147 1215 1291 1286 προσφω.

190 1316 255 1373 νεῖν
274 1334 349 1381 τινα,
371 1308 447 1387 Μήτ’
468 1311 502 1372 έν
524 1314 600 1372 θεῶν
623 1309 741 1391 εὐχαῖσι
765 1308 838 1387 μήτε
862 1310 971 1388 θύμασι
994 1307 1104 1370 Κοινὸν
1125 1312 1287 1381 ποιεῖσθαι,

189 1411 262 1491 μήτε
283 1411 427 1495 χέρνιβας
449 1411 558 1491 νέμειν,
578 1410 684 1475 Ὠθεῖν
702 1412 727 1473 δ’
746 1408 795 1473 ἀπ’
817 1413 906 1473 οἴκων
919 1409 1040 1476 πάντας.
1087 1408 1198 1471 Obiter
1214 1431 1289 1472 vero

191 1527 289 1590 notat,
304 1513 550 1577 interdictionem
566 1513 646 1576 hano
660 1512 701 1576 ab
716 1511 838 1574 aedibus
855 1511 1012 1598 propriam
1027 1509 1122 1573 fuisse
1137 1510 1287 1596 Argivis:

191 1637 262 1678 nam
277 1614 407 1678 aliorum
429 1615 460 1678 in
480 1614 562 1678 aedes
582 1629 741 1699 receptum
761 1613 856 1677 fuisse
872 1615 1013 1677 Orestem
1036 1626 1109 1675 ante
1130 1635 1289 1698 expurga-

190 1716 304 1781 tionem
327 1732 447 1780 constat
468 1739 506 1779 ex
531 1718 626 1779 Eum.
642 1736 716 1798 454.
740 1715 852 1800 Eurip.
878 1715 952 1800 Iph.
976 1716 1018 1777 T.
1040 1730 1113 1798 947.
1138 1714 1192 1777 ubi
1216 1713 1288 1776 vide

191 1817 319 1881 Heathii
346 1833 470 1880 notata:
500 1831 531 1880 et
555 1817 744 1882 Valckenaer.
769 1818 809 1880 ad
834 1817 945 1903 Eurip.
971 1816 1072 1903 Hipp.
1094 1819 1167 1899 946.
1188 1830 1219 1878 et
1246 1813 1288 1877 ad

191 1920 345 1982 Herodot.
366 1936 397 1999 7,
419 1936 491 2002 231.
515 1921 658 1983 συλλύειν
679 1927 727 1984 est
747 1941 874 2005 operum
893 1929 1049 2006 prmtture
1070 1922 1106 1982 ῖνι
1127 1919 1287 2005 expiando

190 2022 310 2084 scalere.
354 2020 475 2083 Modus
488 2019 673 2084 describitur
687 2021 717 2083 in
734 2023 868 2085 Eumen.
883 2021 978 2102 440.''
999 2022 1175 2085 BLOMF.
1207 2022 1286 2083 Pro-

190 2121 322 2185 babilior
342 2121 473 2185 Porsoni
495 2121 708 2208 interpretatio
728 2123 770 2187 ab
792 2124 931 2188 Dobraeo
953 2139 1123 2188 memorata
1143 2145 1211 2186 οπο
1231 2123 1286 2187 de-

190 2225 323 2287 versari.

235 2328 307 2408 296.
337 2326 559 2412 ταριχευθέντα]
588 2330 742 2411 ταριχεύο,
767 2329 911 2392 Εσςῖεοο.
956 2328 1088 2415 Proprie
1117 2351 1192 2391 vero
1219 2328 1287 2392 sale

189 2430 321 2500 condior
348 2445 391 2506 et,
417 2429 564 2515 quoniam
588 2428 738 2493 cadavera
762 2434 920 2513 ταριχευτᾶ
942 2431 1039 2493 macie
1063 2444 1283 2516 corrogantur,

188 2529 261 2593 hinc
289 2532 455 2613 ταριχεύειν
483 2530 565 2595 valet
593 2533 758 2609 emoriere,
785 2534 952 2596 οσιῖοιατσ.
1008 2531 1164 2617 Sophron.
1195 2531 1284 2617 apud

191 2632 293 2696 Schol.
323 2632 357 2694 τὸ
392 2636 483 2712 γήρας
515 2634 570 2710 dp<
597 2640 742 2713 μαραῖνον
770 2635 927 2716 ταριχεύει.
966 2634 1121 2698 Herodot.
1152 2655 1184 2718 9,
1212 2652 1283 2699 120.

189 2735 322 2809 τεθνεώς,
339 2734 385 2795 καὶ
400 2733 520 2816 τάριχος
534 2736 602 2796 ε’ύν.
646 2736 698 2797 De
711 2734 896 2798 cadaverum
916 2739 1087 2819 ταριχεύσει
1105 2735 1284 2800 doctissime

188 2832 253 2919 egit
277 2831 455 2896 Gatakerus
479 2833 519 2896 ad
543 2835 592 2897 M.
615 2837 695 2898 Ant.
718 2858 750 2921 p.
774 2854 842 2920 175.
889 2838 974 2900 Hinc
998 2838 1099 2901 forma
1123 2852 1285 2901 eontracta

188 2937 327 3016 ταμχύειν
353 2934 494 3020 sepelire,
524 2937 655 3000 Homer.
687 2936 726 3000 Il.
755 2943 794 3001 H.
822 2940 874 3022 85.
901 2938 1008 3025 Apoll.
1038 2940 1149 3004 Rhod.
1173 2962 1200 3018 1,
1228 2943 1281 3026 83.

189 3034 303 3121 Epigr.
317 3036 401 3122 apud
420 3036 564 3100 Huschk.
580 3038 676 3102 Anal.
693 3039 770 3103 Cn't.
786 3063 817 3126 p.
834 3059 908 3105 220.
933 3042 1107 3106 BLOMF.

233 3152 306 3220 297.
322 3138 379 3217 ἆρα
394 3137 559 3202 Stanleius
582 3142 640 3220 ἄρα
654 3140 734 3206 libri.

233 3241 304 3322 298.
320 3239 519 3322 έξεργαοτέον
534 3243 637 3306 Τοιτι.
655 3245 763 3330 Steph.
801 3247 882 3322 Quae
897 3245 1026 3310 Aldinae
1039 3245 1180 3310 lectionis
1195 3249 1284 3330 ἔργα·

189 3340 278 3404 στέον
302 3341 498 3429 interpolatio
521 3360 577 3409 est.
624 3346 829 3411 Scribendum
857 3348 919 3411 ἔστ’
945 3348 1110 3431 ἐργαστέον
1135 3372 1208 3413 cum
1233 3351 1283 3414 M.

189 3443 295 3507 Guelf.
312 3444 394 3508 Rob.

232 3565 304 3628 299.
327 3548 539 3625 συμπίτνουσιν
562 3549 665 3615 Turn.
696 3554 913 3630 συμπίπτουσιν
936 3552 1007 3616 libri
1030 3551 1151 3640 reliqui.
1199 3555 1285 3619 Scri-

186 3646 323 3711 bendum
339 3663 443 3712 autem
459 3648 678 3727 ξυμπίτνουσιν.

231 3768 304 3832 300.
328 3762 360 3812 et
381 3769 454 3833 310.
485 3751 548 3812 His
573 3753 713 3817 versibus
741 3753 914 3840 explicatur
939 3756 995 3841 qui
1019 3757 1080 3821 sint
1104 3757 1148 3820 illi
1171 3762 1285 3825 πολλοὶ

187 3847 289 3927 ἵμεροι.
335 3849 463 3913 Monuit
478 3851 621 3916 BothiuS.

230 3967 305 4032 300.
320 3949 430 4029 πατρὸς
443 3950 563 4035 πένθος]
579 3954 699 4018 Luctus
712 3957 749 4019 06
760 3966 886 4043 putrent
900 3969 1072 4046 conceptura

230 4067 303 4134 301.
325 4050 400 4131 πρὸς
420 4051 511 4128 πιέζει
524 4053 728 4120 Abreschius.
773 4057 878 4145 Vulgo
895 4061 1086 4147 conjunctim
1100 4065 1286 4144 προσ-πιέζει.

230 4149 352 4237 ἀχηνία]
367 4152 565 4239 Hesychius:
578 4153 725 4240 τἈχηνία,
739 4160 847 4242 ἄτομα,
863 4161 917 4227 ubi
932 4162 1062 4226 fortasse
1081 4162 1142 4251 leg.
1164 4166 1284 4247 ἀπορία.

186 4250 238 4319 Ut
250 4248 337 4317 Sitit¹¹
600 4256 703 4325 Q
714 4260 835 4347 ἀχηνία,
849 4275 882 4328 et
901 4278 939 4328 ut
958 4264 1045 4352 apud
1067 4280 1211 4330 nostrum
1234 4266 1285 4330 hic

770 4383 805 4431 v.
838 4382 913 4452 429
954 4366 1096 4448 ὀμμάτων
1135 4369 1282 4452 ἀχηνίαις.
