2984 5054
525 362 593 428 AD
616 364 914 431 EUMENIDES.
1205 363 1270 425 523

167 532 215 596 Et
227 532 305 595 alibi
321 531 422 615 (hunc
435 532 538 620 ipsum
554 534 658 598 locum
673 535 821 618 innuens)
834 561 841 598 ε

296 656 415 736 Πατρδς
428 657 582 740 προφήτης
597 660 662 722 ἐστὶ
676 662 787 738 Λοξίας
803 662 884 728 Διός.

166 784 215 846 Es
234 786 313 869 qaid
327 783 362 869 (l.
377 788 503 872 aequal)
522 786 645 850 clarum
652 788 786 872 factam
808 796 853 850 est
875 786 949 849 inda
970 785 1141 871 sumpsisse
1166 787 1269 873 Virgi-

165 884 244 946 lium
260 887 342 971 qaod
355 888 471 973 Apollo
485 908 522 952 ea
538 889 734 951 vaticinatur
746 911 816 975 qaae
830 889 891 952 sihi
905 888 1036 973 Jupiter
1043 884 1171 968 sattsr?
1201 886 1267 950 Alii

168 982 350 1069 Apollinem
379 985 438 1071 ipsi
469 986 579 1049 Terrae
608 985 640 1048 in
670 986 729 1049 hoc
757 986 883 1051 oraculo
915 984 1094 1050 successisse
1127 984 1266 1051 tradunt.

168 1085 287 1149 AElian.
302 1088 376 1151 Var.
392 1087 476 1151 Hist.
491 1087 792 1172 3,1.Ἐνταῦθότοί
811 1097 888 1171 φασι
908 1093 1012 1154 παῖδες
1033 1091 1199 1151 Θετταλῶν
1221 1089 1270 1152 καὶ

167 1185 221 1250 τδν
233 1185 416 1252 Ἀπόλλωνα
429 1187 483 1253 τδν
497 1189 614 1253 Πύθιον
629 1189 812 1272 καθήρασθαι
829 1193 903 1255 κατὰ
921 1191 1099 1272 πρόσταγμα
1117 1194 1170 1252 τοῦ
1185 1188 1267 1266 Διὸς,

166 1288 219 1352 ὅτε
233 1291 286 1352 τὸν
300 1292 431 1354 Πύθωνα
449 1289 503 1354 τδν
519 1288 666 1371 δράκοντα
687 1295 910 1371 κατετόξευσεν,
924 1292 968 1356 ἔτι
990 1289 1180 1373 φυλάττοντα
1200 1290 1268 1359 τοὺς

168 1392 320 1473 Δελφοὺς,
336 1395 386 1471 τῆς
406 1396 464 1472 Γῆς
486 1394 614 1475 ἐχούσης
636 1392 670 1455 τδ
691 1400 841 1473 μαντεῖον·
865 1391 1138 1476 στεφανωσάμενον
1159 1392 1213 1457 οὖν
1235 1393 1268 1457 ἐκ

166 1495 271 1573 ταύτης
293 1497 343 1573 τῆς
366 1493 492 1575 Δάφνης
516 1498 567 1574 τῆς
590 1499 749 1575 Τεμπικῆς,
777 1497 826 1561 καὶ
847 1497 986 1576 λαβόντα
1013 1493 1125 1558 κλάδον
1148 1496 1192 1560 είς
1214 1494 1270 1573 τὴν

165 1599 266 1673 δεξιδν
283 1602 371 1679 χεῖρα
390 1599 422 1661 ἐκ
443 1601 495 1677 τῆς
515 1597 604 1660 αὐτοῦ
627 1595 752 1680 δάφνης,
769 1600 872 1664 ἐλθεῖν
886 1600 917 1666 ἐς
933 1596 1086 1679 Δελφοὺς,
1103 1595 1151 1659 καὶ
1171 1620 1267 1677 παρα-

165 1703 277 1778 λαβεῖν
290 1698 324 1762 τδ
338 1705 493 1780 μαντεῖον.
517 1700 642 1763 STAN
646 1700 686 1763 L.

210 1818 262 1866 νο.
284 1801 418 1888 τούτους]
441 1803 575 1866 Terram
597 1800 724 1879 scilicet,
741 1797 888 1878 Themin,
905 1797 1059 1877 Phoeben,
1074 1797 1265 1886 Apollinem.

167 1901 336 1966 STANL.

212 2020 261 2067 21.
294 2007 424 2070 Παλλδς
453 2004 593 2089 προναία]
620 2002 754 2091 Delphis
783 2004 948 2067 Pronseam
974 2001 1070 2066 fuisse
1093 2001 1266 2080 Palladem,

165 2104 253 2190 quod
278 2119 350 2170 ante
379 2104 531 2193 templum
559 2105 717 2194 Apollinis
745 2105 813 2192 ipsa
842 2119 921 2168 esset
950 2103 1109 2183 collocata,
1134 2118 1166 2169 et
1194 2103 1267 2169 hinc

166 2222 265 2294 patet,
281 2222 366 2272 etex
382 2207 442 2272 hoo
457 2207 642 2272 Callimachi
656 2232 758 2288 versu,
773 2231 793 2271 a
808 2206 969 2272 scholiaste
983 2206 1088 2282 allatu,

294 2327 335 2410 χή
350 2329 490 2401 Παλλδς,
508 2328 631 2408 Δελφοί
643 2352 690 2391 νιν
705 2324 748 2390 ὅθ’
763 2327 898 2407 ἱδρύοντο
911 2325 1067 2405 προνοίην.

166 2460 211 2522 Et
226 2473 291 2522 erat
305 2457 389 2522 sedes
403 2458 430 2521 ei
446 2480 543 2537 sacra,
558 2473 594 2522 ut
610 2457 781 2522 Pausanias
794 2478 844 2535 10,
857 2458 889 2535 8,
906 2461 936 2521 6.
957 2455 997 2521 Ὁ
1012 2455 1149 2538 τέταρτος
1165 2460 1263 2543 (ναὸς)

164 2561 292 2639 Ἀθηνᾶς
314 2561 379 2623 ἐστι
399 2561 558 2641 Προνοίας.
580 2559 602 2623 l.
618 2561 779 2641 Προναίας.
824 2559 977 2646 Ejusdem
993 2559 1186 2644 cognominis
1200 2561 1265 2624 Mi·

165 2684 261 2725 nerva
274 2676 306 2725 et
320 2661 360 2725 ad
377 2661 514 2725 Thebas.
561 2661 732 2725 Pausanias
747 2681 779 2746 9,
793 2681 843 2740 10,
860 2679 888 2726 2.
912 2666 1022 2742 Πρῶτα
1042 2662 1099 2740 μὲν
1122 2661 1156 2739 δὴ
1177 2663 1265 2726 λίθου

166 2766 241 2828 κατδ
256 2762 311 2843 τὴν
330 2763 439 2829 ἔσοδόν
459 2765 542 2827 ἐστιν
560 2761 674 2843 Ἀθηνᾶ
696 2765 744 2828 καὶ
764 2763 874 2846 Ἑρμῆς
895 2765 1106 2843 ὀνομαζόμενοι
1120 2765 1264 2845 Πρόναοι.

166 2866 217 2929 De
239 2864 298 2929 hae
319 2864 540 2952 intelligendus
561 2865 637 2929 mihi
659 2865 783 2931 ridetur
801 2865 967 2930 AEschines
987 2864 1135 2929 Oratione
1157 2879 1266 2931 contra

166 2965 402 3052 Ctesiphontem
426 2988 457 3052 p.
473 2969 525 3052 69.
541 2968 637 3031 H.St.
659 2965 832 3032 Ἀυαθεῖυαι
853 2967 1027 3032 Ἀπόλλωνι
1043 2971 1082 3054 τηῖ
1099 2971 1201 3054 Πυθίῳ
1217 2970 1265 3033 καῖ

168 3068 230 3154 [τῇ]
254 3067 405 3151 Ἀρτέμιδι
429 3069 478 3133 καί
499 3074 594 3148 Λητοῖ
615 3069 663 3133 καὶ
682 3067 796 3152 Ἀθηνᾷ
819 3072 962 3153 Προνοίᾳ.
1007 3070 1095 3155 Lege
1117 3072 1263 3156 Προυσίᾳ.

167 3170 257 3235 Licet
280 3171 430 3235 mendum
457 3170 530 3234 satis
556 3169 595 3234 sit
620 3168 798 3256 antiquum,
820 3185 852 3235 et
874 3170 959 3257 apud
983 3171 1265 3256 Harpocrationem

164 3271 258 3336 etiam
272 3273 440 3360 recipiatur
457 3296 482 3338 s.
499 3296 528 3336 υ.
545 3273 689 3353 Πρόνοια.
737 3270 799 3335 Sed
823 3271 976 3335 videndus
997 3272 1125 3336 omnino
1146 3273 1186 3337 de
1208 3272 1266 3338 hac

165 3396 198 3436 re
213 3375 374 3439 Meursius
387 3374 420 3439 iu
436 3373 641 3438 Lectionibus
655 3372 784 3450 Atticis,
799 3395 831 3459 p.
850 3373 901 3456 87.
927 3374 1095 3438 STANL.
1139 3376 1265 3454 Veram,

164 3498 238 3561 quae
253 3474 407 3563 AEschylo
428 3498 557 3562 quoque
579 3474 771 3539 restituenda
793 3474 844 3553 sit,
859 3474 992 3539 nominis
1013 3474 1209 3562 scripturam,
1225 3478 1266 3543 ab

164 3578 297 3643 librariis
306 3579 373 3664 jam
388 3577 525 3664 antiquis
540 3577 734 3665 temporibus
748 3599 811 3640 non
825 3599 896 3641 raro
910 3576 1124 3666 depravatam,
1139 3581 1265 3660 πρόνοια

163 3703 230 3745 esse
257 3680 434 3745 doctissima
463 3679 675 3767 disputatione
699 3677 835 3744 ostendit
861 3678 1043 3766 Lennepius
1070 3678 1112 3743 ad
1138 3680 1265 3748 Phalar.

164 3783 491 3870 Epist.p.143seqq.

208 3905 261 3952 22.
284 3886 357 3949 ἔνθα
372 3885 502 3966 Κωρυκὶς
523 3883 628 3969 πέτρα]
645 3883 775 3966 Κωρυκὶς
793 3880 897 3964 πέτρα,
912 3881 1080 3968 interprete
1102 3882 1264 3948 scholiaste

164 3990 357 4071 Παρνασσός,
381 3986 435 4051 scd
459 3985 562 4050 minus
583 4000 685 4063 recte3
716 3983 844 4048 additur
866 3983 948 4048 enim
972 3986 1067 4066 κοθςη,
1092 4000 1128 4049 ut
1148 3984 1262 4049 intelli·

161 4103 257 4174 gatus
278 4090 387 4171 ἄντρον
402 4089 563 4169 Κωρύκιον,
579 4085 667 4173 quod
688 4108 751 4149 uon
773 4102 840 4150 erat
862 4099 962 4172 poetae
984 4086 1261 4173 praetereundum

162 4204 207 4253 est
231 4189 312 4253 enim
335 4189 486 4268 omnium,
506 4212 580 4276 quse
602 4202 711 4252 notatu
734 4186 840 4274 digna,
861 4189 1054 4263 maximum3
1079 4188 1263 4253 observante

164 4291 319 4354 Pausania
342 4309 391 4367 10,
414 4293 446 4368 6,
468 4310 499 4376 3.
544 4288 711 4375 Nymphas
739 4302 844 4354 autem
870 4288 932 4353 illie
957 4306 1122 4354 veneratur
1145 4291 1265 4377 Pythia

165 4407 233 4455 tum
248 4391 334 4479 quod
351 4415 464 4457 nomen
478 4390 621 4456 sortitum
639 4390 709 4454 sita
726 4390 879 4476 Nympha
894 4389 1031 4474 (λέγεται
1047 4393 1079 4455 δὲ
1100 4392 1148 4453 καὶ
1168 4392 1262 4461 ἄλλος

164 4493 307 4577 διάφορος
331 4495 423 4575 λόγος
451 4494 491 4578 τῷ
519 4491 676 4573 πρότερον,
701 4489 876 4555 Ἀπόλλωνι
902 4492 936 4554 ἐκ
959 4491 1088 4572 Νύμφης
1114 4495 1265 4574 Κωρυκίας

671 4611 691 4675 3
708 4611 728 4653 υ
746 4609 765 4658 2
