2984 5054
257 336 322 402 586
619 337 996 402 ANNOTATIONES

304 505 375 568 166.
398 505 433 566 ού
454 503 736 590 δικαίοις-λύγοις]
752 506 898 590 Prcffecto
913 506 1044 591 Jupiter
1064 505 1146 566 male
1167 503 1305 578 aridiret,
1321 504 1359 564 in

257 627 400 671 rumores
414 606 482 691 ςρυο
496 607 626 668 nurnine
633 627 755 692 parum
770 609 885 691 dignor
899 608 1087 668 incurreret.
1112 606 1213 668 SCH.

301 707 432 786 ἐνέξεται
456 708 622 770 PorsonuS.
655 709 805 786 luciferae
826 709 875 770 M.
910 711 944 772 ἐν
967 708 1081 788 ἐὔξεται
1095 707 1172 771 Ald.
1205 709 1360 785 &ceriferae

258 808 340 873 Rob.
366 807 502 886 ἀνέξεται
517 809 621 871 Turn.
646 811 813 887 έντεύξεται
828 809 937 896 Steph.

304 927 374 992 170.
396 914 448 977 τᾶς
468 909 557 995 βοὸς]
583 911 641 973 Itis
662 912 697 973 in
721 932 847 974 vaccam
867 921 1007 976 mittatur.
1048 911 1099 976 Sic
1117 934 1200 998 saepe
1221 910 1360 974 breviter

255 1011 447 1097 designetur.
473 1012 573 1076 SCH.

304 1129 372 1196 171.
395 1110 474 1177 παῖδ’
498 1112 656 1197 άτιμάσας]
685 1114 762 1180 Bois
783 1120 854 1180 παῖς
879 1115 1048 1200 Epaphum
1074 1114 1240 1201 significat,
1260 1135 1357 1200 quem

255 1215 385 1299 Jupiter
402 1235 516 1301 parum
539 1228 606 1277 erat
625 1214 845 1289 honoraturus,
865 1215 889 1279 si
910 1216 1122 1300 posteritatem
1143 1216 1222 1302 ejus,
1239 1216 1358 1279 Danai·

254 1313 321 1393 des,
337 1313 531 1401 neglexisset.
557 1316 657 1379 SCH.
696 1318 856 1395 ὰτιμᾶσθαι
871 1316 980 1380 Guelf.

302 1435 373 1497 172.
388 1417 479 1501 γόνῳ]
495 1417 587 1498 γόνον
603 1419 789 1481 PearsonuS.

261 1583 264 1589 ,
303 1535 372 1604 175.
403 1519 498 1603 κλύοι]
524 1521 606 1583 κλύει
630 1518 707 1582 Ald.
736 1521 838 1583 Turn.
875 1520 954 1584 Post
983 1520 1068 1583 hunc
1098 1543 1221 1583 versum
1249 1543 1358 1585 versus

258 1623 404 1684 162—16
405 1636 436 1705 5.
452 1620 637 1708 repetendos
651 1645 716 1685 esse
732 1621 810 1685 vidit
826 1623 989 1685 Canterus.
1016 1622 1138 1687 Absunt
1157 1622 1215 1685 hoc
1233 1621 1300 1685 loco
1314 1623 1358 1686 ab

254 1721 348 1786 libris.

300 1827 370 1906 176.
385 1825 472 1902 ἥκετε
488 1825 656 1887 Porsonus.
682 1824 759 1887 έκετε
773 1822 854 1887 libri.

301 1942 371 2007 177.
388 1924 541 2009 ναυκλήρῳ
556 1926 660 2012 πατρὶ]
678 1926 799 1989 clausu
814 1935 926 1989 uestra
937 1928 1098 2012 profecto,
1112 1929 1240 1990 itineris
1254 1931 1353 1990 mori-

253 2028 323 2091 rimi
337 2027 424 2089 duce.
462 2027 512 2088 Sic
535 2048 630 2112 supra
645 2048 673 2087 v.
694 2046 742 2091 12.
758 2028 890 2091 Danaus
903 2030 1078 2112 βούλαρχος
1101 2030 1149 2091 καὶ
1171 2030 1356 2111 στασίαρχος

252 2126 480 2215 appellabatur.
505 2129 604 2190 SCH.

300 2231 370 2311 178.
391 2232 440 2294 καὶ
453 2231 524 2294 τάπὶ
538 2228 666 2317 χέρσου]
683 2231 782 2294 Recte
798 2228 971 2308 scholiasta,
987 2232 1026 2297 ὡς
1041 2233 1078 2293 τὰ
1093 2232 1127 2293 έν
1143 2229 1293 2308 θαλάσση.

295 2364 493 2453 προμήθειαν]
509 2359 692 2448 προμήθέιαυ
707 2367 757 2429 Μ.
783 2367 882 2429 Recte
896 2366 1062 2445 προμηθίαν
1078 2363 1186 2428 Guell'.
1203 2363 1280 2427 Ald.

295 2469 417 2554 λαβεῖν]
434 2471 532 2532 Recte
547 2471 655 2549 λαβὼν
668 2467 802 2532 correxit
814 2466 1074 2530 Wordsworthus
1089 2488 1119 2552 p.
1132 2485 1205 2542 211,
1222 2465 1355 2547 φυλάξαι

252 2592 323 2633 cum
348 2571 405 2651 ἔπη
426 2571 629 2658 conjungens,
646 2585 682 2634 ut
697 2572 859 2636 ἐπιστολὰς
881 2567 1054 2650 φυλάσσειν
1075 2566 1155 2630 dixit
1180 2567 1277 2655 Soph.
1293 2569 1351 2654 Aj.

254 2672 368 2839 781279.
393 2758 448 2834 ἔπη
464 2756 676 2842 δελτουμένας]
693 2757 860 2820 Memoriae
877 2757 1073 2818 mandantes.
1105 2754 1354 2833 έπιδελτουμένας

252 2858 350 2922 codex
367 2856 552 2922 Robortelli.

299 2960 368 3044 183.
386 2961 520 3045 λεύσσω]
535 2962 634 3024 herico
650 2960 700 3021 Μ.
718 2957 801 3022 Rob.

301 3062 368 3144 185.
383 3061 585 3146 πεπυσμένοι]
600 3059 795 3140 πεπεισμένοι
809 3059 887 3124 Ald.

301 3164 371 3226 186.
391 3163 571 3243 τεθαμμένος
586 3163 789 3227 Abreschius.
823 3161 982 3241 τεθυμένος
997 3162 1100 3224 Turn.
1117 3161 1227 3248 Steph.
1260 3166 1353 3226 τεθει-

252 3263 341 3344 μένος
357 3266 407 3328 Μ.
424 3264 534 3329 Guelf.
550 3264 628 3328 Ald.
646 3265 730 3328 Rob.
754 3262 933 3346 τεθηγμένος
948 3264 1134 3326 Pearsonus.

300 3368 370 3448 187.
394 3366 563 3451 ἐπόρνυται]
586 3367 659 3430 Rex
674 3365 770 3451 hujus
788 3379 888 3437 terrae,
905 3363 961 3450 qui
983 3385 1078 3450 supra
1093 3387 1224 3428 numero
1237 3364 1352 3449 plurali

252 3479 298 3529 est
312 3464 494 3552 designatus
507 3470 598 3544 τῆσδε
613 3470 667 3548 γῆς
682 3465 853 3549 ἀρχηγέται

297 3568 368 3630 188.
383 3568 478 3632 οὕνεκ’
494 3568 663 3634 Heathius.
687 3566 775 3632 εἵνεκ’
791 3566 872 3632 libri.
897 3573 917 3606 “
926 3565 1038 3633 παντὸς
1049 3568 1165 3643 οὕνεκα,
1179 3567 1215 3629 iu
1230 3588 1353 3631 curnem

251 3669 425 3732 euentum.”
449 3670 548 3733 SCH.

299 3771 370 3855 189.
386 3770 499 3855 πάγον]
516 3771 614 3853 πάγον
630 3771 715 3836 Rob.
732 3770 841 3856 Steph.

295 3871 394 3956 τῶνδ’]
412 3871 491 3936 τάνδ’
507 3874 612 3936 Turn.

295 3975 431 4054 ἀγωνίων
457 3971 550 4058 θεῶν]
582 3973 780 4057 Hesychius:
814 3971 955 4055 Ἀγιύνιοι
984 3973 1058 4044 θεοὶ,
1084 3974 1114 4035 ol
1141 3976 1201 4034 τῶν
1227 3971 1352 4052 ἀγώνων

251 4081 446 4155 προεστῶτες.
485 4073 548 4151 Qui
562 4073 635 4152 sint,
647 4072 743 4137 tradit
757 4071 839 4136 infra
853 4096 884 4136 v.
901 4091 973 4136 212.
989 4085 1020 4134 et
1035 4094 1097 4157 seq.
1123 4071 1194 4136 Scil.
1210 4072 1352 4159 Jupiter,

250 4174 382 4262 Apollo,
398 4176 579 4260 Neptunus,
597 4172 788 4238 Mercurius.
827 4174 878 4236 De
892 4171 1042 4259 Apolline
1057 4189 1089 4237 et
1104 4174 1267 4239 Mercurio
1282 4175 1350 4261 egi·

250 4298 320 4339 mus
341 4276 382 4340 ad
406 4278 596 4361 Agamemn.
622 4298 651 4337 v.
672 4292 746 4359 523.
772 4289 805 4338 et
829 4293 902 4360 524.
941 4273 1033 4339 Jovis
1059 4278 1188 4359 άγωνίου
1212 4276 1353 4342 meminit

252 4375 421 4465 Sophocles
436 4375 626 4456 Trachiniis,
641 4399 670 4441 v.
688 4379 738 4439 αθ.

421 4476 509 4545 τέλος
523 4476 549 4540 θ’
565 4477 653 4557 ἔθηκε
668 4480 743 4547 Ζεύς
757 4479 884 4561 άγύνιας
898 4485 1003 4547 καλῶς.
