2984 5054
262 357 328 420 354
623 354 1002 419 ANNO'l'ATlONES

261 527 349 601 βοαῖς
364 521 412 585 καὶ
426 520 553 602 θρήνοις.
570 533 613 598 et,
626 521 802 603 σννίζησις.)
819 522 929 609 Steph.
947 524 1048 589 αὐταῖς
1063 521 1172 586 Guelf.
1184 523 1261 587 Ald.
1277 524 1362 589 Rob.

263 624 368 688 Tum.

305 738 378 807 255.
393 722 529 807 πέλοιτο]
544 723 633 787 πέλοι
648 723 734 787 Rob.

304 826 470 913 τούτοισιν]
487 828 600 893 τούτοις
616 826 724 912 Steph.

303 925 453 1013 εύπραξις]
469 928 655 993 Inusitatam
672 928 816 993 vocabuli
831 928 962 993 formam
983 950 1040 1016 per
1062 929 1203 1010 εὐπραξία
1224 927 1360 1015 explicat

258 1027 431 1094 scholiasta.

303 1134 375 1216 256.
392 1132 553 1220 ἄγχιστον]
571 1131 755 1211 Scholiasta,
771 1133 803 1195 τὸ
820 1135 1008 1215 συγγενικόν.
1024 1131 1072 1196 vel
1083 1133 1268 1218 proximus,
1283 1132 1360 1218 quia

258 1236 478 1320 Agamemnon
501 1249 532 1300 et
555 1234 709 1323 principes
725 1234 919 1320 Argivorum
941 1236 1089 1308 aberant;
1113 1249 1145 1299 et
1167 1235 1225 1298 hoc
1248 1257 1356 1298 verum

256 1352 347 1424 puto.
393 1341 489 1403 Senes
509 1339 550 1402 dc
572 1353 668 1402 semet
693 1338 769 1424 ipsis
796 1338 989 1423 loquuntur;
1016 1339 1231 1419 μονόφρουρον,
1254 1335 1358 1421 inquit

256 1438 430 1519 scholiasta,
447 1443 512 1505 ἐπεὶ
526 1443 612 1521 μόνοι
629 1440 769 1523 γέροντες
784 1442 963 1521 ἐφύλασσον
976 1439 1031 1519 τὴν
1043 1437 1198 1512 Ἑλλόδας
1222 1436 1308 1523 quod
1323 1437 1356 1501 in

256 1541 365 1605 Persia
379 1543 471 1606 etiam
488 1544 605 1607 lactum
620 1541 716 1605 fuisse
730 1544 775 1605 ait
791 1540 964 1628 AEschylus
977 1541 1009 1605 in
1025 1542 1192 1605 Persarum
1212 1539 1356 1626 prologo,

255 1656 293 1706 ut
307 1667 396 1708 senes
409 1646 497 1730 regni
513 1643 658 1709 custodes
673 1643 930 1729 relinquerentur.
955 1644 1129 1708 BLOMF.

296 1743 646 1833 Ἀπίας]1ἐίοροιιωεςύ.
664 1748 795 1809 Homer.
814 1745 906 1810 Iliad.
923 1753 959 1823 A,
977 1762 1050 1828 270.
1073 1746 1107 1808 ἐκ
1129 1745 1234 1809 Πύλον
1257 1746 1355 1808 ἐλθὼν

254 1849 393 1925 Τηλόθεν
416 1851 447 1927 ἐξ
468 1847 573 1927 Ἀπίης
594 1850 690 1931 γαίης.
713 1847 799 1934 quod
822 1846 1014 1934 grammatici
1036 1846 1172 1910 absurde
1197 1845 1356 1933 explicant

254 1952 306 2026 τῆς
327 1949 441 2030 μακρὸν
462 1951 602 2028 ἀπούσης.
623 1950 654 2013 in
669 1974 735 2036 quo
748 1973 851 2014 errore
867 1964 1030 2014 versantur
1046 1949 1158 2014 Strabo
1172 1972 1203 2034 p.
1220 1965 1293 2035 371.
1310 1951 1354 2013 D.

255 2064 286 2113 et
301 2050 436 2138 interpp.
453 2051 492 2114 ud
515 2051 613 2137 Soph.
629 2051 711 2115 OEd.
729 2052 798 2116 Col.
820 2054 910 2137 1685.
956 2053 1055 2116 Recte
1070 2073 1144 2114 vero
1159 2050 1354 2137 Peloponne-

253 2173 323 2214 sum
339 2152 517 2238 intclligunt
529 2152 604 2217 ibid.
620 2172 712 2241 1303.
728 2159 782 2236 γῆς
796 2157 920 2236 ὅσοιπερ
933 2152 1040 2220 Ἀπίας
1052 2159 1169 2234 Πρῶτοι
1183 2159 1353 2217 καλοῦνται.

253 2253 307 2317 ubi
333 2253 394 2317 vid.
422 2255 585 2340 Musgrav.
608 2256 699 2342 cujus
721 2256 751 2319 in
776 2274 849 2321 nota
875 2279 933 2342 pro
955 2258 1097 2320 Arriano
1122 2253 1190 2340 lege
1212 2253 1351 2319 thiuno.

254 2354 359 2420 Schol.
377 2358 488 2420 Venet.
503 2356 534 2420 in
553 2357 644 2421 Iliad.
661 2364 697 2422 Α.
715 2378 767 2424 22.
783 2359 884 2423 ἰστέον
899 2361 931 2423 u
949 2360 995 2422 ὅτι
1011 2359 1029 2436 ἡ
1045 2360 1280 2435 Πελοπόννησος
1299 2357 1353 2436 τὴν

252 2459 349 2542 ἀρχὴν
364 2459 523 2542 Αἰγιάλεια
537 2461 684 2534 ἐκαλεῖτο,
701 2462 759 2524 ἀπὸ
776 2461 943 2544 Αἰγιαλέως
956 2465 1009 2524 τοῦ
1022 2463 1087 2524 υἱοῦ
1100 2458 1229 2542 Ἰνόχσν,
1246 2466 1298 2523 τοῦ
1318 2462 1353 2524 έν

247 2559 357 2644 Ἀργει
384 2568 527 2641 ποταμοῦ,
556 2564 605 2628 καὶ
631 2567 758 2638 Μελίας,
786 2568 836 2641 τῆς
857 2565 1013 2626 Ὠκεανοῦ.
1051 2564 1176 2643 ὕστερον
1205 2564 1238 2625 δὲ
1261 2560 1353 2626 Ἀπία

253 2664 373 2743 ἐκλήθη,
389 2665 448 2728 ἀπὸ
465 2663 591 2732 Ἀπιδος
612 2669 665 2728 τοῦ
687 2665 860 2745 Φορωνέως,
875 2669 928 2728 τοῦ
941 2665 1025 2731 Διός.
1049 2663 1102 2728 εἶθ’
1120 2666 1211 2731 ούτως
1228 2662 1352 2746 Ἄργος,

252 2764 439 2847 όπὸἈργαν
453 2771 505 2828 τοῦ
525 2769 686 2831 πανόπτου·
709 2773 882 2830 τελευταῖον
904 2768 937 2829 δὲ
958 2764 1090 2843 πόντων,
1106 2768 1352 2847 Πελοπόννησος,

252 2866 311 2930 ἀπὸ
327 2872 380 2930 τοῦ
392 2872 536 2947 κρατῆσαι
550 2872 601 2946 τῆς
616 2871 714 2951 χώρας
734 2868 786 2931 τὸν
800 2867 959 2932 Ταντόλον
978 2868 1044 2932 υἱὸν
1058 2867 1197 2930 Πέλοπα.
1242 2868 1288 2930 Et
1310 2866 1353 2930 sic

250 2967 317 3032 fere
338 2967 554 3055 Apollodorus
577 2988 605 3047 2,
625 2991 652 3047 1,
674 2984 706 3055 5.
752 2971 867 3033 Noster
889 2969 920 3032 in
946 2967 1057 3057 Suppl.
1084 2983 1156 3054 259.
1183 2982 1215 3032 et
1242 2968 1350 3055 Steph.

251 3069 427 3156 Byzantius
442 3093 471 3131 v.
487 3068 587 3134 Ἀπία.
613 3071 788 3135 BLOMF.

296 3187 368 3256 257.
395 3173 473 3236 Post
499 3171 584 3236 huno
608 3195 729 3237 versum
758 3195 878 3237 scenam
902 3173 1078 3261 ingreditur
1100 3173 1349 3262 Clytaemnestra

252 3275 430 3340 BLOMF.

295 3378 368 3463 258.
395 3380 457 3441 Por
479 3392 575 3443 totam
598 3379 678 3443 hanc
702 3401 823 3444 scenam
848 3380 935 3444 chori
957 3394 1062 3468 partes
1085 3380 1117 3445 in
1141 3379 1217 3445 Ald.
1244 3381 1348 3442 Turn.

252 3478 363 3567 Steph.
378 3480 444 3546 fere
458 3482 663 3568 adsignantur
675 3482 825 3570 Ἀγγέλῳ,
840 3483 871 3548 in
886 3483 1121 3548 Rohortelliana
1135 3506 1208 3547 vero
1223 3484 1349 3547 Φύλακι.

250 3604 396 3668 personas
411 3601 493 3650 recte
509 3585 651 3651 distinxit
666 3586 832 3651 Stanleius.
856 3588 1032 3651 BLOMF.

296 3687 368 3750 261.
383 3687 433 3772 oh]
450 3689 482 3750 εύ
498 3687 572 3750 Ald.
598 3690 630 3752 εὖ
646 3691 740 3752 Farn.

286 3790 354 3850 ἐἴτε
368 3788 487 3870 κεδνὸν]
507 3791 536 3851 εί
547 3813 575 3850 τι
591 3790 696 3853 κεδνὸν
711 3813 819 3878 margo
834 3790 981 3855 Asltcwii.

296 3889 368 3970 263.
385 3889 484 3950 Hunc
499 3910 621 3951 versum
640 3891 888 3978 Clytaemnestrae
902 3891 1047 3956 tribuunt
1062 3891 1112 3956 Fl.
1129 3892 1170 3955 Τ.
1188 3891 1293 3954 Turn.

295 3989 424 4074 σιγώσῃ]
440 3997 562 4072 σιγῶντι
578 3991 627 4057 Fl.
644 3994 687 4058 T.

294 4091 367 4170 264.
382 4091 505 4156 Nuntio
520 4093 605 4157 hunc
619 4118 744 4160 vorsum
760 4098 904 4161 tribuunt
919 4096 970 4159 Fl.
989 4096 1031 4160 T.

294 4193 367 4273 264.
384 4195 456 4278 265.
480 4193 608 4259 Laudat
632 4198 777 4263 Eustath.
799 4198 838 4262 ad
858 4196 949 4262 Iliad.
966 4202 1001 4260 Α.
1017 4219 1049 4284 p.
1067 4216 1120 4272 22,
1134 4216 1187 4281 33.
1204 4197 1258 4261 ubi
1279 4198 1346 4277 ἠύς.

247 4292 320 4358 alibi
337 4317 412 4358 vero
426 4294 555 4360 citatum
572 4297 684 4363 vidisse
699 4301 826 4365 memini
842 4300 904 4367 υίὸς
918 4322 977 4387 pro
992 4301 1056 4368 ἕως.
1081 4301 1255 4365 BLOMF.

294 4400 367 4463 266.
383 4399 489 4462 πεύσει
505 4401 672 4465 Porsouus.
695 4403 791 4489 πεύσῃ
805 4400 884 4464 libri.

269 4528 272 4532 ·
292 4517 364 4583 270.
385 4500 534 4564 Eustath.
549 4501 589 4564 ad
606 4502 668 4568 Od.
684 4509 720 4567 Τ.
737 4526 769 4590 p.
784 4504 876 4584 1872.
892 4502 1013 4590 penult.
1035 4507 1106 4570 ὅθεν
1125 4509 1245 4587 λοβόν,
1260 4515 1348 4589 φασι,
