2984 5054
241 325 307 391 612
604 326 980 391 ANNOTATIONES

288 513 381 580 1032.
396 493 519 576 παρέντι
528 496 633 560 Turn.
646 495 754 581 Steph.
774 494 907 577 παρέντα
921 497 972 560 Μ.
982 496 1065 560 Rob.
1088 496 1221 578 πορόντα
1231 496 1341 563 Guell'.

242 596 319 662 Ald.
341 596 670 679 πράξαντα-παρέντα
685 599 812 676 Portus,
827 597 917 663 male.

287 718 380 784 1033.
395 697 483 783 τόξῳ]
499 696 594 777 τόξων
610 698 718 763 Guelf.
735 698 814 763 Ald.

285 802 351 865 Pro
365 799 494 886 vulgato
508 802 689 882 προσίξεται,
705 800 792 888 quod
810 821 881 864 cum
903 799 1041 885 genitivo
1054 800 1257 887 conjunctum
1279 800 1341 865 dis-

241 903 346 991 plioet‚
364 902 531 968 Schutsius
555 904 698 984 ἐφίξεται.
744 901 861 967 Soribae
884 900 1010 965 oculum
1034 900 1145 966 fefellit
1163 904 1342 984 προσίξομαι

241 1004 316 1070 inv.
330 1022 421 1090 1035.
446 1004 585 1090 Hesyoh.
601 1002 806 1086 Ἐφικνεῖταιι
832 1003 1066 1083 καταλαμβάνει.
1087 1002 1337 1085 Ἐφικνοόμενοςι

242 1112 330 1171 νοῶν.
361 1108 443 1170 Cum
458 1104 597 1193 genitivo
610 1106 810 1170 construitur.
841 1104 1034 1192 Adpositum
1051 1121 1097 1169 est
1112 1104 1198 1190 quod
1213 1129 1252 1168 ex
1269 1107 1339 1170 Iso·

241 1223 325 1272 crate
346 1207 420 1272 citat
438 1209 484 1272 H.
501 1206 679 1294 Stephanus
700 1207 731 1270 in
749 1207 914 1271 Thesauro
929 1207 989 1272 vol.
1009 1227 1035 1271 1.
1057 1230 1091 1294 p.
1107 1207 1198 1286 1684.
1215 1208 1256 1270 E.
1271 1209 1341 1273 τότε

240 1312 298 1391 μὲν
317 1313 375 1392 γάρ
396 1308 478 1395 ῷμην
497 1309 584 1388 ἀξίως
599 1308 779 1389 δυνήσεσθαι
800 1310 868 1391 περὶ
887 1314 946 1373 τῷν
959 1308 1141 1391 πραγμάτων
1156 1311 1260 1373 εἰπεῖν·
1285 1313 1341 1374 νῦν

242 1414 275 1478 δὲ
296 1413 349 1476 οὐκ
372 1414 547 1494 έφικνοῦμαι
567 1415 620 1475 τοῦ
636 1410 781 1493 μεγέθους
795 1411 900 1484 αὐτῶν,
917 1412 999 1474 ιἰλλδ
1012 1409 1114 1474 πολλά
1127 1435 1166 1490 με
1180 1409 1339 1492 διαπέφευ·

241 1540 297 1598 γεν
311 1517 353 1579 ὦν
368 1515 531 1594 διενοήθην.
554 1526 586 1578 et
607 1512 770 1578 Demosth.
786 1513 864 1579 ὅλως
879 1514 912 1575 δὲ
925 1510 984 1575 οὐδ’
1001 1511 1039 1576 δν
1056 1511 1098 1579 εἶς
1119 1512 1277 1593 ἐφικέσθαι
1297 1514 1339 1599 τῷ

241 1620 324 1702 λόγῳ
339 1619 457 1681 δύναιτο
471 1622 531 1680 τῶν
546 1618 608 1680 ἐκεῖ
622 1621 718 1680 κακῶν
732 1617 838 1679 ὄντων.
879 1616 1026 1679 Ceterum
1042 1617 1115 1698 τόξῳ
1129 1613 1340 1700 metaphorice

242 1718 357 1805 posuit,
372 1718 453 1782 sicut
474 1718 506 1781 in
527 1720 643 1804 Agnm.
660 1719 733 1782 628.
744 1715 906 1798 Ἐκυρσας,
923 1717 1001 1780 ὥστε
1022 1717 1140 1795 τοξότης
1154 1716 1251 1797 άκρος,
1268 1742 1339 1782 σκο-

239 1824 307 1896 ποῦ,
323 1823 411 1906 quod
431 1819 551 1884 notavit
571 1819 729 1885 Butlerus.
753 1819 928 1883 BLOMF.
950 1820 1133 1900 προσίξεται
1154 1840 1225 1882 cum
1247 1818 1338 1905 geni-

241 1922 308 1986 tivo
321 1935 547 1999 constructum,
562 1920 648 2007 quod
668 1920 873 2007 Aristophani
896 1920 1008 2008 Equit.
1027 1922 1100 2004 761.
1122 1943 1162 1985 ex
1183 1920 1251 1986 ood.
1273 1923 1339 1986 Ra-

242 2037 374 2087 uennate
396 2038 428 2087 et
450 2022 549 2087 Suida
573 2022 704 2102 restitui,
724 2023 781 2087 etsi
803 2022 931 2088 defendi
952 2024 1082 2088 fortasse
1102 2037 1214 2110 potest,
1233 2037 1338 2088 tamen

241 2125 431 2214 probabilior
443 2125 503 2189 hoc
518 2124 586 2189 looo
601 2123 725 2188 videtur
741 2123 896 2189 Schuetzii
911 2125 1100 2209 conjectura.

289 2247 382 2313 1035.
404 2228 526 2302 θαλλδι,
549 2229 675 2291 Romus
695 2225 821 2306 uiridis,
843 2226 933 2291 olivae
952 2250 994 2291 sc.
1017 2249 1111 2313 quem
1136 2249 1244 2312 gerere
1262 2225 1339 2290 sole-

240 2330 317 2396 bont
328 2330 495 2418 supplices.
519 2328 659 2416 Hesych.
672 2330 816 2395 Θαλλόςε
840 2327 950 2396 κλάδος
961 2329 1074 2395 ἐλαίας.
1097 2327 1337 2415 EuripSuppl.

242 2454 292 2500 10.
306 2432 415 2516 Ἱκτῆρι
429 2436 543 2518 θαλλῷ.
566 2433 701 2496 Eumen.
717 2449 771 2516 43.
794 2430 936 2494 Orestem
959 2429 1102 2516 depingit
1124 2429 1253 2517 Pythia,
1272 2457 1338 2495 νεο-

240 2537 354 2603 σπαδὲς
367 2531 592 2618 ξίφοςἜχοντ’,
606 2533 710 2599 ἐλαίας
720 2533 746 2595 θ’
755 2530 958 2614 ὑψιγέννητον
969 2531 1089 2606 κλάδον,
1101 2530 1194 2610 Λήνει
1207 2533 1338 2619 μεγίστῳ

241 2639 404 2720 σωφρόνως
419 2635 611 2716 ἐστεμμένον,
626 2633 749 2715 Ἀργῆτι
762 2639 880 2721 μαλλῷ.
904 2634 1021 2698 Confer
1036 2632 1180 2719 Sophocl.
1197 2634 1276 2698 OEd.
1293 2636 1338 2699 Τ.

241 2758 274 2824 3.
296 2739 351 2803 ubi
373 2737 445 2800 vide
467 2734 646 2822 Musgrovii
664 2748 791 2812 notata3
815 2735 870 2820 qui
894 2748 997 2800 tamen
1017 2734 1114 2799 falsus
1138 2750 1184 2800 est
1204 2736 1245 2801 de
1264 2739 1339 2819 είρε-

241 2842 344 2919 σιόνη,
371 2861 443 2924 quae
468 2861 487 2901 a
511 2860 599 2901 ramo
625 2836 846 2924 supplicatorio
877 2836 969 2924 longe
999 2851 1065 2903 erat
1090 2837 1221 2902 diversa.
1266 2840 1338 2904 Hos

240 2956 345 3006 autem
367 2961 470 3003 ramos
490 2937 655 3025 gestabunt
674 2939 729 3024 qui
751 2937 910 3004 oraculum
931 2940 1120 3027 Delphicum
1146 2941 1188 3005 ob
1209 2940 1337 3028 aliquod

241 3042 447 3108 infortunium
469 3040 646 3107 consultum
668 3040 765 3107 ibunt.
797 3042 1001 3127 Herodot.7,
1020 3063 1090 3123 141.
1114 3066 1214 3130 quum
1236 3043 1339 3108 Athe-

240 3146 361 3212 nienses
377 3168 561 3234 responsum
583 3145 740 3210 sinistrum
763 3145 916 3225 tulissent,
926 3145 1043 3210 Timon
1058 3145 1233 3231 Delphicus
1248 3171 1336 3211 συνε-

239 3249 370 3330 βούλευέ
390 3259 456 3332 σφι,
474 3250 619 3331 ίκετηρίας
638 3254 780 3328 λαβοῦσι,
797 3250 919 3331 δεύτερα
941 3250 1021 3316 αὖτις
1043 3251 1186 3316 ἐλθόντας
1206 3253 1338 3332 χρᾶσθαι

240 3355 281 3438 τῷ
293 3352 461 3439 χρηστηρίῳ
476 3353 514 3420 ὣς
529 3351 634 3418 ίκέτας.
659 3352 833 3415 BLOMF.

286 3457 377 3540 1036.
400 3458 533 3520 Comma
556 3469 629 3542 post
652 3456 758 3537 ἵδρυμα
779 3468 811 3517 et
833 3453 926 3517 πέδον
947 3465 1031 3516 τεοῖο
1053 3450 1158 3537 posuit
1178 3450 1335 3517 Pouuius.

240 3558 339 3622 Hunc
353 3580 477 3622 versum
499 3555 632 3621 oontulit
646 3555 804 3621 Dobraeus
825 3552 865 3618 ad
887 3553 1047 3640 Aristoph.
1065 3552 1151 3618 Plut.
1166 3568 1240 3638 772.
1262 3575 1336 3617 cum

239 3659 352 3746 Eurip.
369 3658 473 3724 Andr.
494 3659 585 3723 1086.
600 3658 634 3721 τδ
650 3656 769 3722 κλεινόν
782 3659 915 3738 ἤλθομεν
929 3658 1045 3735 Φοίβου
1060 3655 1160 3721 πέδον.
1200 3655 1275 3743 Ipb.
1292 3656 1334 3719 T.

239 3777 314 3846 972.
331 3762 362 3827 ές
375 3760 469 3842 ἁγνὸν
484 3759 579 3839 ἦλθον
593 3759 630 3822 αδ
643 3760 760 3839 Φοίβου
774 3759 876 3824 πέδον.
903 3759 1076 3822 BLOMF.

285 3877 377 3944 1037.
394 3858 500 3924 Schol.
516 3862 606 3942 πυρός
620 3885 653 3923 τε
665 3859 794 3942 φέγγοςε
819 3861 853 3924 τὸ
865 3862 899 3924 έν
910 3863 1094 3945 Παρνασσῷ.
1118 3858 1205 3946 Virg.
1216 3860 1293 3922 AEn.
1306 3876 1337 3938 2,

239 3978 311 4045 297.
327 3963 562 4049 AEternumqtae
575 3963 680 4050 adytis
693 3964 782 4048 effert
790 3961 1010 4050 penetralibus
1024 3965 1142 4048 ignem.
1181 3958 1337 4025 Stonleius

237 4063 312 4127 citat
328 4061 452 4127 Callim.
469 4065 513 4128 H.
531 4063 640 4151 Apoll.
657 4065 709 4148 83.
725 4063 765 4127 de
786 4063 846 4127 hoc
867 4063 940 4151 igne
955 4063 1144 4151 sempiterno
1155 4061 1257 4127 abiete
1271 4061 1337 4126 solo

237 4164 373 4229 nutrito:
397 4163 470 4228 item
494 4164 654 4229 Plutarch.
671 4165 771 4229 Num.
786 4188 820 4251 p.
838 4165 891 4229 66.
907 4165 963 4251 qui
986 4178 1136 4229 memorat
1157 4170 1215 4247 πῦρ
1237 4165 1335 4243 άσβε·

238 4293 312 4333 στον
333 4271 434 4332 Πυθοῖ
451 4269 499 4330 καὶ
520 4264 694 4345 Ἀθήνησιν,
715 4279 747 4329 et
767 4265 912 4331 Strabon.
928 4287 960 4352 9.
981 4290 1013 4354 p.
1027 4268 1102 4351 396.
1122 4268 1190 4332 ὅτε
1213 4267 1338 4351 ἀρχαῖος

238 4371 311 4437 νεὸς
326 4371 343 4432 δ
357 4372 408 4448 τῆς
420 4367 580 4442 Πολιάδος,
597 4368 631 4431 έν
646 4363 698 4452 ῷὸ
714 4367 865 4447 ἄσβεστος
874 4370 995 4452 λθχνος.
1025 4367 1196 4431 Extinctus
1209 4367 1271 4432 fuit
1284 4367 1336 4432 hic

236 4471 328 4559 ignis,
344 4472 462 4560 templo
480 4494 499 4536 a
519 4469 626 4536 Medis
646 4469 782 4550 imenso,
802 4469 884 4536 bello
901 4471 978 4536 item
1002 4468 1221 4536 Mithridation
1239 4484 1335 4556 atque
