2984 5054
493 374 561 438 AD
583 374 985 439 AGAMEMNONEM.
1226 374 1286 437 341

238 557 307 626 123.
323 538 487 628 Ἀτρείδας]
504 541 710 607 Scribendum
725 541 879 626 Ἀτρεΐδας
892 566 964 608 cum
985 542 1116 609 diaecesi.
1161 543 1292 608 Monuit

193 640 357 705 Monkiua.

235 742 320 826 έδάη]
332 743 537 832 Participium
548 747 629 814 δαείς
639 747 774 812 oocurn't
786 747 928 833 Choeph.
940 749 1012 814 602.
1026 745 1161 811 Theocr.
1175 758 1227 828 17,
1238 745 1288 808 81.

190 842 379 907 infinitivum
395 846 537 927 δαήμεναι
552 848 665 934 passim
681 849 766 934 apud
783 851 970 914 Homerum.
1013 851 1107 914 Verte
1122 861 1226 911 autem
1241 849 1290 910 ἱπ-

191 946 309 1010 1οὶὶοαθθ
321 948 400 1033 quid
412 951 634 1035 significarent
646 951 762 1038 oqailae
776 953 878 1037 lepore
892 960 1055 1016 vescentes.
1080 950 1256 1014 BLOMF.

233 1050 415 1130 λαγοδαίτας
430 1052 472 1115 Τ.
489 1050 597 1138 Steph.
620 1055 799 1133 λογοδοέτας
814 1053 865 1115 Μ.
882 1052 958 1115 Ald.
976 1053 1059 1117 Rob.
1076 1053 1181 1115 Turn.

238 1170 307 1231 124
330 1153 440 1235 άρχούς
457 1155 502 1217 Τ.
519 1152 629 1240 Steph.
674 1154 900 1219 Revocandum
915 1155 1002 1241 quod
1017 1155 1048 1217 in
1065 1153 1150 1218 libris
1164 1152 1292 1239 reliquis

191 1260 239 1318 est
252 1255 356 1338 ἀρχάς.
380 1262 402 1293 “
417 1257 508 1340 ἀρχοὶ
521 1279 581 1343 pro
595 1258 737 1340 άρχοντες
751 1257 942 1344 metonymia
962 1256 1035 1322 satis
1056 1270 1132 1320 uota
1151 1256 1289 1343 ponitur.

191 1356 307 1442 Eurip.
323 1356 476 1420 Phoenisu.
493 1359 566 1441 987.
587 1358 676 1437 Λέξει
696 1361 755 1441 γδρ
775 1360 881 1442 άρχαῖς
903 1359 951 1424 καὶ
973 1358 1188 1440 στρατηλάταις
1209 1358 1290 1424 τάδε.

193 1457 280 1521 Xen.
300 1459 419 1545 Cyrop.
438 1460 468 1537 8,
485 1479 515 1539 7,
532 1463 561 1524 6.
579 1459 706 1524 έκάλεσε
722 1461 754 1524 δὲ
770 1462 818 1524 καὶ
832 1461 899 1527 τοὺς
913 1462 1020 1543 φίλους
1035 1461 1082 1524 καὶ
1096 1464 1148 1526 τδς
1163 1465 1292 1542 Περσῶυ

192 1560 295 1644 άρχάς.
341 1561 392 1625 Sic
408 1563 524 1624 Noster
539 1560 645 1626 Theb.
662 1577 754 1644 1027.
774 1565 815 1647 τῷ
835 1587 871 1644 γε
887 1562 1043 1642 Καδμείαν
1055 1559 1138 1627 τέλει
1157 1584 1215 1648 pro
1229 1567 1292 1629 τοῖς

193 1664 227 1725 έν
240 1662 323 1726 τέλει
336 1663 433 1727 οὖσι.”
454 1663 630 1728 BLOMF.

239 1780 310 1850 125.
327 1764 365 1851 δ’]
381 1763 405 1829 δ’
421 1767 475 1830 οὖν
490 1764 541 1830 Fl.

238 1869 309 1932 126.
326 1867 424 1953 ἀγρεῖ]
437 1869 574 1933 Verbum
586 1867 721 1955 epicum,
733 1868 825 1955 cujus
840 1866 898 1932 hoc
913 1868 1040 1931 unicum
1056 1880 1154 1932 estex
1167 1866 1291 1954 tragicis

193 1968 382 2056 exemplum.
424 1969 464 2033 In
480 1973 560 2052 οδρεῖ
572 1970 758 2034 mutandum
775 1970 942 2035 videbatur
955 1969 1107 2034 Elmsleio
1119 1969 1161 2033 ad
1176 1969 1288 2057 Eurip.

194 2070 283 2134 Mod.
301 2073 396 2136 888.:
419 2073 545 2138 frustra.

236 2173 386 2259 κέλευθος]
402 2174 584 2261 Expeditio.

238 2297 310 2360 129.
328 2276 429 2362 κτήνη]
445 2279 509 2341 Per
524 2277 655 2357 κτήματα
668 2277 805 2364 explicat
818 2276 991 2350 scholiasta,
1001 2298 1058 2363 per
1071 2276 1209 2360 χρήματα
1223 2276 1291 2338 Ho-

193 2377 329 2465 sychius.
353 2379 574 2465 Vertc,fatcm
589 2400 664 2443 vero
671 2381 772 2465 prius
783 2379 935 2444 zuolcutcr
947 2378 1079 2465 diripiet
1092 2400 1132 2442 ec
1147 2379 1291 2442 turribus

191 2502 264 2567 opes
273 2482 455 2568 popularet.
481 2482 656 2545 BLOMF.

240 2601 310 2666 130.
334 2581 410 2663 μοῖρ’
431 2581 592 2668 ἀλαπάξει]
616 2588 705 2663 μοῖρα
727 2580 855 2659 λαπάξει
879 2581 922 2645 Τ.
966 2581 1039 2643 Hac
1064 2579 1166 2645 forma
1190 2596 1290 2645 metro

192 2682 369 2769 postulante
383 2707 459 2747 usus
472 2699 519 2748 est
534 2684 706 2771 AEschylus
721 2685 809 2770 Sept.
824 2699 878 2766 47.
892 2699 967 2767 531.

239 2805 310 2869 131.
333 2785 410 2872 οἷον]
433 2787 497 2850 οἶον
516 2786 594 2850 Ald.
615 2787 698 2851 Rob.
723 2785 833 2872 Steph.
856 2786 921 2850 οἶον
942 2783 1017 2872 legit
1036 2784 1212 2864 scholiasta,
1235 2787 1290 2872 qui

192 2890 286 2967 μόνον
299 2887 621 2975 ici-interpretatur:
646 2911 719 2974 quae
735 2888 848 2953 usitata
862 2888 1010 2975 loquendi
1026 2886 1104 2952 ratio
1118 2902 1175 2952 est.

239 3009 309 3074 132.
326 2991 387 3070 άγο
402 2991 615 3054 Hermannus.
639 2992 696 3054 άτα
708 2990 790 3054 libri.
815 2989 956 3077 Hesych.
972 2989 1092 3072 Ἀγαις.
1113 2992 1290 3070 ζηλιέσεσιν.

194 3092 347 3174 Αἰσχύλος
362 3088 530 3178 Θρῄσσαις·
546 3091 688 3179 Etymol.
705 3095 754 3156 M.
770 3115 802 3178 p.
816 3111 849 3177 5,
864 3093 914 3157 28.
928 3090 1021 3173 Ἀγα.
1044 3094 1158 3173 φθόνος
1172 3093 1221 3156 καὶ
1234 3099 1292 3171 βο-

194 3193 310 3256 σκανίο.
338 3193 440 3279 Apud
455 3194 655 3258 Herodotum
672 3197 703 3273 6,
720 3198 771 3260 61.
787 3194 844 3259 11δί
858 3193 930 3258 olim
946 3192 1110 3280 legebatur
1124 3196 1227 3278 φθόνῳ
1244 3195 1292 3258 καὶ

194 3295 249 3380 arg,
269 3295 450 3376 χρεόμενος,
463 3295 642 3361 restitutum
665 3312 712 3362 est
733 3299 792 3384 ἄχη
813 3319 853 3361 ex
868 3298 944 3361 MS.
960 3296 1113 3383 Archiep.
1128 3310 1160 3359 et
1183 3295 1290 3360 Suida

195 3395 289 3459 Hanc
312 3408 417 3460 autem
443 3396 605 3462 lectionem
631 3399 719 3486 apud
749 3413 890 3464 nostrum
916 3400 1080 3465 confirmat
1103 3397 1291 3483 adjectivum

194 3498 363 3580 ἐπίφθονος.
389 3499 563 3564 BLOMF.

237 3600 387 3684 κνεφάοη]
405 3601 567 3684 κνεφάσειε
582 3605 624 3667 Τ.

236 3702 400 3788 προτυπὲν]
415 3707 587 3787 προτυφθέν
602 3706 644 3769 Τ.
668 3704 814 3786 προτυπές
830 3700 938 3767 Guelt.
954 3700 1032 3765 Ald.
1049 3703 1153 3764 Turn.
1196 3701 1292 3766 Scho-

193 3804 292 3883 liasta,
305 3807 400 3885 μάνον
412 3806 453 3887 μὴ
467 3809 616 3887 προτυπὲν
628 3806 686 3872 ὑπὸ
701 3813 778 3871 θεῶν
792 3805 827 3869 τὸ
842 3807 1022 3887 στροτευθέν
1035 3808 1087 3884 τῆς
1099 3802 1209 3885 Τροέας
1225 3804 1294 3868 στά-

193 3933 270 3986 μιον,
286 3908 304 3969 ά
319 3909 384 3970 ἔστι
402 3908 437 3971 τὸ
458 3909 507 3972 ἐπὶ
525 3908 632 3996 βλάβῃ
645 3912 757 3992 Τροίας
771 3910 960 3990 marocci,
976 3910 1032 3996 άτη
1051 3909 1200 3989 σκοτίαῃς.
1219 3910 1291 3992 (scr.

193 4010 248 4086 άτη
264 4010 414 4095 σκοτέσρ).

240 4128 310 4195 135.
326 4113 509 4198 οτραταθέν]
529 4115 709 4195 στρατευθέν
724 4114 827 4176 Turn.
845 4111 954 4199 Steph.

239 4228 311 4297 137.
350 4213 524 4299 αὐτότοκον]
561 4217 635 4280 Uita
664 4236 734 4278 cum
749 4216 839 4300 filu.
878 4213 983 4278 Schol.
1013 4216 1071 4279 σὺν
1099 4213 1176 4300 αὐτῷ
1206 4217 1293 4300 τόκῳ.

196 4313 371 4378 BLOMF.

237 4417 335 4480 πτάκα
349 4414 521 4495 θυομένοισι
535 4419 587 4481 Μ.
611 4422 708 4482 πτᾶκο
723 4417 912 4497 θυομένοισιν
928 4419 1011 4482 Rob.
1036 4418 1137 4483 πτάων
1153 4415 1294 4495 καθνομέ-

195 4540 293 4583 vomu
307 4517 386 4583 Ald.
408 4525 509 4584 πτῶκα
522 4519 712 4600 θυομένοισιν
727 4521 770 4585 Τ.
786 4520 888 4586 Τυτυ.
908 4519 1018 4608 Steph.
1042 4526 1065 4558 “
1075 4516 1163 4595 πτδξ,
1172 4517 1296 4580 animal
