2984 5054
520 351 587 416 AD
610 349 905 416 EUMENIDES.

203 534 274 601 227.
291 520 449 606 σύντεμνε]
464 523 606 602 ξίντεμνε
620 522 709 587 scrib.
725 544 798 586 cum
815 523 965 587 Porsono.

202 637 276 702 229.
291 624 372 703 ταρδ
387 623 556 688 Pnrsonus.
579 623 648 706 παρ’
664 623 742 690 Ald.
765 627 826 706 τδρ
841 623 947 712 vulgo.

200 720 299 808 λέγει]
314 723 390 809 λέγῃ
404 723 486 787 libri.

204 841 275 907 230.
291 826 373 909 ἄγει]
391 828 476 908 ἄγειν
492 829 541 892 Μ.
558 829 632 892 Par.
648 827 756 893 Guell'.
773 826 852 892 Ald.

202 926 284 993 δίκας
312 930 388 1008 (δίκη
415 930 472 1010 Τ.)
499 929 613 1011 μέτειμι
639 932 740 1014 τθυδε]
766 933 818 997 De
842 930 901 994 hac
926 927 1156 994 constructione
1181 927 1263 993 dixit

159 1027 272 1092 Elmsl.
288 1029 328 1094 ad
344 1030 458 1117 Eurip.
475 1031 602 1097 Heracl.
620 1033 693 1116 852.
1012 1024 1015 1029 ’

206 1150 278 1217 231.
294 1132 515 1220 κακκυυηγέτις]
533 1133 748 1216 κακκυυηγέτης
759 1135 809 1198 Μ.
822 1132 931 1199 Guelf.
944 1133 1024 1198 Ald.
1041 1135 1089 1199 καὶ
1104 1133 1268 1217 κυνηγίτης

161 1234 234 1297 Par.
256 1235 306 1296 καὶ
328 1231 481 1317 κυνηγέτις
502 1237 608 1300 Turn·
629 1234 740 1322 steph.
760 1234 787 1318 γ’
804 1237 843 1303 ὣς
866 1234 1025 1318 κυνηγέτης
1039 1238 1085 1300 Ta
1105 1238 1154 1301 καὶ
1176 1262 1262 1318 κυνη·

160 1341 237 1417 γετῶ
258 1335 423 1415 Stanleius‚
443 1350 526 1402 recte
548 1337 606 1401 uisi
628 1337 715 1424 quod
738 1339 941 1421 κάκκυνηγετῶ
963 1338 1096 1404 scribere
1117 1338 1264 1420 debebat,

160 1436 248 1524 quod
262 1439 368 1526 posuit
383 1441 596 1504 Hermannus

205 1557 278 1625 232.
294 1538 318 1604 δ’
334 1542 445 1626 ἀρήξω]
464 1541 488 1606 t’
505 1540 549 1624 ἄρ’
564 1540 625 1622 ἥξω
641 1544 685 1605 Τ.

204 1660 276 1728 233.
293 1644 384 1728 θεοῖς]
401 1648 497 1709 θεοῖσι
511 1645 563 1707 Μ.
580 1643 690 1709 Guelf.
708 1643 787 1708 Ald.

205 1764 277 1832 234
294 1746 334 1830 εί]
351 1744 389 1825 ἢν
405 1748 574 1811 Porsonus.

206 1863 278 1932 235.
308 1848 495 1914 Notandum
523 1863 578 1929 est,
604 1870 726 1914 scenam
751 1848 819 1936 jam
844 1847 991 1913 Athenas
1016 1845 1196 1913 translatam
1221 1847 1265 1912 sic

161 1948 293 2028 institui,
305 1965 342 2015 ut
355 1951 457 2039 primo
471 1953 597 2016 Orestes
612 1951 695 2017 solus
708 1950 917 2040 conspiciatur
930 1951 963 2015 in
978 1949 1095 2038 templo
1107 1949 1265 2015 Minervae

161 2051 295 2140 supplex
321 2053 390 2139 ejus
415 2052 614 2118 simulacrum
638 2075 788 2118 venerans
799 2078 810 2134 3
843 2052 940 2142 paulo
962 2068 1034 2142 post
1058 2067 1164 2118 autem
1191 2073 1263 2117 eum

160 2171 391 2240 consequantur
416 2154 620 2234 Eumenides,
644 2179 718 2242 quoe
746 2154 836 2219 initio
860 2155 988 2241 quidem
1019 2177 1092 2220 eum
1122 2155 1274 2219 noudum·

161 2255 260 2319 oculis
273 2256 479 2343 conspiciunt,
494 2256 548 2320 sed
565 2256 693 2343 vestigia
708 2271 830 2320 tantum
851 2257 1011 2344 sanguinis
1031 2255 1171 2320 odoratae
1190 2278 1263 2320 eum

162 2356 247 2420 hand
270 2357 380 2445 procul
401 2358 508 2422 abesse
527 2357 705 2444 conjiciunt,
726 2356 825 2421 donec
847 2381 919 2422 eum
943 2383 975 2422 υ.
993 2359 1066 2444 258.
1082 2381 1150 2445 sqq.
1166 2358 1266 2423 oculis

161 2480 290 2546 quoque
304 2458 550 2546 deprehendant.
576 2460 675 2523 SCH.

208 2564 281 2647 236.
303 2561 471 2648 ἀλάστορα]
493 2563 598 2626 Reum
622 2584 654 2624 se
675 2560 770 2625 caedis
791 2560 968 2640 confitetur,
989 2575 1084 2648 negat
1105 2577 1210 2626 autem
1233 2586 1266 2628 ae

163 2663 268 2728 adhuc
282 2665 504 2747 προστρόπαιον
517 2665 538 2728 i.
553 2688 581 2729 e.
596 2662 721 2751 piaculo
735 2662 892 2750 pollutum
907 2685 982 2728 esse.
1008 2664 1111 2728 SCH.

208 2785 280 2854 237.
296 2766 357 2832 οὐδ’
373 2768 562 2849 δφοίβαυτον
575 2764 666 2854 χέρα]
683 2765 704 2830 i.
719 2789 746 2830 e.
763 2764 939 2848 ἀκάθαρτον.
954 2766 1095 2852 Hesyclt.
1118 2765 1220 2832 SCH.

207 2872 279 2956 238.
303 2870 388 2956 πρὸς]
410 2869 560 2934 Notanda
581 2867 761 2956 praepositio
782 2867 814 2932 in
836 2867 899 2932 fine
920 2890 1028 2933 versus
1049 2867 1209 2948 collocata,
1230 2881 1269 2934 ut

163 2971 248 3058 apud
273 2971 371 3059 Soph.
395 2971 474 3037 OEd.
490 2970 559 3037 Col.
574 2991 649 3058 495.
671 2973 813 3051 λείπομαι
837 2974 895 3054 γδρ
919 2973 955 3036 έυ
971 2970 978 3058 Ι
996 2975 1037 3057 τῷ
1058 2971 1100 3052 μη
1123 2973 1269 3037 δύνασθαι

163 3072 228 3152 μηδ’
245 3076 329 3154 ὁρᾶν,
344 3079 426 3138 δυοῖν
441 3080 552 3138 κακοῖν.
598 3073 689 3138 Idem
705 3073 738 3137 in
756 3071 888 3137 articulo
902 3071 961 3136 sibi
977 3071 1135 3138 interdum
1157 3073 1270 3161 permi-

165 3189 272 3238 serunt
288 3174 406 3261 tragici.

209 3276 277 3340 ἀλλ’
293 3277 415 3358 ἀμβλὺν
428 3277 494 3361 ἤδη]
509 3276 563 3340 sed
569 3277 646 3362 jam
660 3276 805 3340 obtusam
818 3284 849 3338 et
859 3275 957 3362 prodo
970 3277 1177 3340 exercitatum
1191 3277 1268 3342 aliia

165 3381 201 3442 ia
224 3380 346 3443 aedibas
372 3380 600 3465 maritorumque
621 3376 793 3453 luminum,
816 3397 894 3463 qnos
914 3378 1151 3463 purificationis
1172 3399 1271 3442 caasa

164 3481 512 3559 adtt,sazatattonib1a.
559 3477 669 3564 Fingit
691 3478 837 3542 nimirum
854 3476 1028 3565 AEsclrylus
1048 3479 1193 3543 Orestem
1215 3500 1271 3544 an·

166 3594 291 3666 tequam
309 3582 401 3666 1058.
417 3580 562 3645 Athenas
576 3578 696 3643 veniret
710 3579 742 3644 in
756 3577 867 3642 itinere
888 3576 1019 3642 solemni
1039 3577 1102 3644 ritu
1123 3599 1186 3643 non
1206 3601 1271 3644 uno

166 3681 197 3747 in
220 3685 291 3747 loco
305 3682 400 3748 caedis
414 3695 563 3747 maternae
579 3682 702 3770 piaculo
717 3681 917 3770 purificatum
937 3704 1012 3746 esse.
1057 3681 1159 3768 Apud
1174 3684 1271 3746 Τυαν-

165 3786 270 3850 canios
295 3785 329 3850 id
352 3786 470 3850 lactum
493 3807 559 3850 esse
584 3799 691 3850 narrat
717 3784 889 3850 Pausanias
914 3783 1058 3849 Corinth.
1082 3807 1115 3871 p.
1140 3801 1193 3867 74.
1217 3784 1270 3849 ed.

167 3888 274 3975 Sylla:
298 3894 361 3954 Τοῦ
378 3891 411 3953 δὲ
426 3891 506 3970 ἱεροῦ
520 3893 573 3952 τοῦ
584 3887 781 3955 Ἀπόλλωνός
796 3889 880 3951 ἐστιν
894 3887 1074 3968 οἰκοδόμημα
1088 3887 1269 3969 ἔμπροσθεν,

165 3990 312 4074 Ὀρέστου
332 3993 519 4073 καλούμενον
534 3991 637 4072 σκηνή.
659 3992 729 4072 πρὶν
751 3992 809 4072 γδρ
832 3989 881 4054 dcl
903 3991 942 4074 τῷ
966 3990 1067 4069 αἵματι
1089 3993 1272 4071 καθαρθῆναι

166 4099 216 4173 τῆς
229 4095 347 4176 μητμδς,
362 4097 542 4177 Τροιζηνίου
561 4095 657 4161 οὐδεὶς
677 4095 824 4176 πρότερον
844 4092 955 4174 ἤθελεν
977 4091 1069 4157 αι’ντδυ
1090 4094 1160 4178 οἴκῳ
1183 4092 1270 4171 δέξα-

167 4202 247 4260 σθαι·
272 4197 449 4264 καθίσαντες
470 4199 503 4261 δὲ
525 4199 653 4262 ἐνταῦθα
675 4195 833 4278 ἐκάθαιρον
851 4195 901 4258 καὶ
916 4196 1044 4268 εἱστίων,
1061 4196 1093 4262 ές
1107 4193 1125 4257 δ
1141 4193 1270 4277 ἀφήγνι-

167 4302 405 4380 σαν-καθῆραι
419 4298 453 4362 δέ
467 4307 564 4381 φασιν
576 4296 726 4380 Ὀρέστην
740 4297 911 4380 καθαρσίοις
926 4298 975 4361 καὶ
996 4297 1103 4362 ἄλλοις
1122 4295 1172 4359 καί
1187 4297 1271 4360 ὕδατι

167 4401 227 4463 ἀπὸ
252 4404 303 4479 τῆς
324 4401 414 4465 ἵππου
437 4400 551 4482 κρήνης.
596 4399 789 4487 Metaphnra
810 4399 841 4462 in
866 4399 987 4480 ἀμβλὺν
1009 4397 1052 4462 sic
1076 4395 1270 4483 explicanda.

170 4503 258 4568 Sicut
279 4501 354 4566 ferri
375 4503 458 4568 acies
477 4502 588 4568 crebra
607 4501 751 4566 frictione
774 4499 974 4579 retunditur,.
990 4498 1034 4564 sic
1054 4497 1136 4564 acies
1155 4496 1272 4587 piaculi

669 4622 689 4688 3
707 4623 730 4667 r
748 4620 767 4669 2
