2984 5054
244 333 309 396 552
608 338 985 403 ANNOTATIONES

245 524 330 567 nunc
353 503 466 590 scripta
484 503 643 590 leguntur.
689 507 788 569 Recte
801 507 934 570 Bothius
956 507 986 569 in
1003 505 1138 570 editione
1159 507 1262 593 priore
1276 530 1343 571 cor-

245 609 359 673 rexisse
374 608 499 673 videtur
513 611 622 676 ἀλλαις
636 609 789 691 ἀνάγκαις,
803 610 823 689 ἥ
837 635 915 677 τινος
929 609 1023 691 τρέων
1038 613 1125 675 κότον
1137 636 1146 685 ;

286 709 360 791 428.
371 716 454 775 δυοῖν
467 712 639 796 παρόντοιν]
656 711 720 774 Hic
736 711 884 775 Minerva
897 710 984 774 filum
1000 711 1147 798 colloquii
1162 714 1340 799 abrumpit:

243 814 418 877 Enimvero
435 835 505 876 cum
526 813 602 877 όιιιο
621 822 730 899 parter
751 815 828 891 ςίαί,
844 813 1011 877 dimidium
1026 814 1151 900 quidem
1173 836 1343 879 sermonem

242 915 393 979 hacteuus
417 916 611 991 audiuimus,
629 918 706 999 jam
733 936 806 978 uero
828 924 858 978 et
879 915 981 978 altera
1000 937 1082 1002 pars
1107 917 1265 982 audiendo
1287 928 1343 982 cet.

246 1016 347 1080 SCH.

287 1117 393 1200 λόγος]
409 1119 503 1198 λόγον
519 1118 568 1179 Μ.
585 1117 661 1181 Ald.
679 1119 781 1181 Turn.

286 1238 360 1302 429.
376 1216 445 1282 ἀλλ’
460 1218 561 1302 ὅρκον]
584 1217 739 1282 Observat
753 1218 832 1282 ritus
850 1219 945 1284 curiae
963 1222 1201 1308 Areopagiticae‚
1219 1222 1343 1287 teneba-

243 1335 297 1385 tur
319 1319 401 1384 enim
426 1341 497 1382 reus
512 1322 620 1407 jurare
643 1343 675 1384 se
700 1319 794 1385 caedis
815 1333 974 1387 auctorem
998 1345 1060 1386 uon
1084 1322 1190 1389 fuisse.
1229 1324 1342 1410 Lysias

245 1423 334 1486 Orat.
356 1422 388 1485 in
412 1421 661 1485 Theomnestum
683 1422 732 1508 (p.
746 1439 822 1507 352.
839 1422 995 1505 Restat
1017 1426 1150 1506 μὲνγὰρ
1170 1427 1281 1489 διώκων
1303 1427 1342 1491 ὡς

245 1523 357 1588 ἔκτεινε
372 1526 531 1603 διόμνυται,
547 1527 564 1588 ὁ
581 1527 614 1589 δὲ
629 1527 749 1607 φεύγων
764 1526 803 1591 ὥς
817 1524 869 1587 οὐκ
885 1523 1005 1587 ἔκτεινε.
1031 1524 1156 1589 STAN
1159 1525 1198 1588 L.

288 1627 323 1690 οὐ
345 1630 447 1690 δοῦναι
473 1624 570 1710 θέλει]
596 1629 623 1690 εί
648 1630 749 1690 δοῦναι
769 1625 859 1704 θέλῃς
884 1624 1039 1689 Stanleius
1060 1641 1155 1703 recte,
1175 1625 1231 1689 nisi
1254 1625 1341 1711 quod

245 1726 344 1795 θέλοις
359 1726 490 1791 scribere
504 1726 648 1804 debebat,
664 1726 749 1813 quod
766 1725 839 1790 lecit
854 1727 1067 1790 Hermannus.

288 1849 362 1914 430.
380 1833 496 1897 δικαίως
510 1828 593 1893 Rob.
612 1827 722 1915 Steph.
749 1829 876 1896 δικαίους
891 1829 942 1892 Μ.
959 1828 1168 1914 superscripto
1182 1854 1216 1907 ω,
1231 1827 1340 1891 Guelf.

245 1931 322 1995 Ald.
337 1932 441 1994 Turn.
480 1931 685 1996 scribendum
701 1932 819 1994 δίκαιος.

287 2033 409 2120 πρᾶξαι]
450 2032 693 2118 Intelligendum
725 2032 821 2094 δίκαια
850 2030 898 2095 vel
928 2034 1044 2099 δικαίως
1071 2056 1110 2096 ex
1147 2033 1342 2118 praecedento

243 2137 363 2202 δίκαιος.

286 2256 362 2322 431.
377 2237 475 2324 ποι]
492 2235 568 2322 πο]
585 2233 666 2313 ruri,
681 2232 738 2297 nisi
754 2233 840 2320 quod
855 2217 935 2321 ιιι]
956 2236 998 2298 u.

286 2359 360 2424 434.
377 2337 456 2424 κάπ’]
473 2337 496 2402 κ’
512 2335 557 2401 ἐπ’
575 2334 685 2400 Guelf.
702 2334 778 2400 Ald.
796 2337 899 2400 Turn.

285 2458 362 2528 435.
380 2439 540 2524 σέβονσαι]
556 2438 700 2518 σέβοιμεν
715 2438 758 2503 Τ.
827 2437 828 2441 ’

286 2546 373 2624 ἀξίαν
388 2546 556 2607 Porsonus.
584 2542 671 2619 ἀξίαν
684 2539 709 2604 τ’
727 2540 831 2627 vulgo.
866 2543 953 2620 ἀξίαν
968 2542 997 2603 α’
1013 2540 1242 2619 Wakefieldus,
1260 2557 1341 2606 recte

243 2647 428 2828 forlilleliov]
451 2742 496 2806 ἐπ’
518 2744 608 2821 ἀξίων
630 2742 713 2805 Rob.
739 2743 842 2804 Turn.
875 2739 923 2804 ἀπ’
944 2740 1035 2817 ἀξίων
1058 2739 1230 2804 Stanleius:
1253 2741 1339 2826 qu0d

244 2847 353 2934 legisse
368 2845 511 2909 videatur
525 2841 697 2914 scholiasta,
714 2841 805 2919 ἀξίων
818 2842 913 2905 οὖσαν
927 2839 1051 2922 γονέων,
1067 2839 1296 2927 interpretatus.

286 2947 362 3030 438.
378 2943 544 3024 ἀμυναθοῦ]
562 2943 762 3006 Scribebatur
776 2942 935 3023 ἀμννάθον.

287 3067 361 3128 440.
377 3047 463 3127 ἆμῆς]
484 3043 689 3109 scribendum
712 3045 817 3132 potius
833 3044 913 3124 έμῆς.
949 3046 1052 3108 ἑστίαν
1062 3066 1148 3107 aram
1164 3044 1340 3131 intelligen-

245 3149 316 3215 dam
333 3172 397 3213 esse
412 3162 517 3211 monet
533 3145 697 3211 Stanleius.

287 3270 364 3331 441.
388 3251 423 3314 έν
443 3251 561 3330 τρόποις
581 3246 719 3334 Ἰξίονος]
744 3249 794 3311 De
815 3248 991 3335 expiatione
1011 3248 1132 3313 Ixionis
1153 3250 1302 3336 supplicis
1323 3273 1342 3312 a

245 3355 327 3418 Jove
341 3352 424 3416 faeta
438 3350 507 3437 lege
521 3349 618 3415 schol.
635 3349 727 3414 Pind.
743 3349 774 3412 in
791 3350 887 3438 Pyth.
905 3369 936 3424 ι,
950 3369 1003 3431 40.
1029 3351 1196 3415 STANL.

287 3473 362 3535 442.
378 3454 504 3541 τούτοις]
523 3451 561 3516 Id
576 3466 623 3516 est
638 3452 710 3534 πρὸς
724 3458 827 3517 ταῦτα.
851 3454 1083 3518 ABRESCH.

287 3558 363 3637 446.
380 3554 514 3640 έφημένῃ
528 3555 706 3621 Ροτιοοιις.
721 3554 883 3635 ἐφεζομένη
897 3554 977 3619 libri.
1012 3554 1216 3619 Scribendum
1234 3558 1343 3639 ἐφημέ-

246 3684 299 3723 νου
314 3680 385 3722 eum
403 3655 568 3741 Burgesio.

287 3759 362 3840 448.
384 3755 556 3842 ἀφθογγον]
583 3755 754 3842 Euripides
781 3755 947 3842 Iphigenia
972 3757 1003 3820 iu
1029 3759 1146 3823 Tauris
1167 3759 1207 3823 de
1232 3763 1342 3825 Oreste

245 3876 320 3943 951.
331 3947 406 4029 Σιγῇ
422 3941 446 4006 δ’
463 3938 627 4018 έτεκτήνατ’
644 3941 855 4021 ἀπόφθεγκτόν
867 3939 908 4019 μ’,
923 3943 1002 4008 ὅπως

286 4180 362 4244 449.
380 4161 411 4227 ές
426 4159 449 4222 τ’
465 4158 514 4243 δν]
531 4157 575 4222 ἐπ’
592 4159 629 4222 δν
644 4156 721 4221 Ald.
745 4160 821 4221 ἐπὰν
837 4159 940 4222 Turn.

287 4280 362 4347 450.
389 4260 589 4341 καθαιμάξωσι
615 4258 758 4338 νεοθήλου
784 4259 894 4347 Steph.
921 4262 978 4326 nisi
1001 4264 1088 4349 quod
1113 4264 1341 4344 καθαιμάξωσιν.

245 4361 457 4444 καθαιμάξονσι
487 4361 615 4440 νοθήλον
645 4363 695 4425 Μ.
722 4360 830 4426 Guelf.
855 4361 932 4426 Ald.
971 4365 1199 4446 καθαιμάξονσιν
1232 4365 1342 4443 όθήλου

245 4464 326 4529 Rob.
