2984 5054
250 341 316 404 504
613 339 991 405 ANNOTATIONES

248 506 327 580 erit;
353 527 413 569 uon
429 519 545 583 autem,
562 507 650 593 quod
664 507 765 572 voluit
780 507 958 583 Sohutzius,
974 504 1132 592 genitivus
1145 520 1216 591 post
1229 508 1352 586 μιαστό-

250 632 326 689 ροιν.
351 609 528 672 BLOMF.

292 709 407 794 τριβᾶς]
432 709 599 796 AEgisthus
621 724 653 774 et
668 709 910 796 Clytaemnestra
933 722 1093 796 paternam
1110 709 1230 786 Orestia
1252 709 1350 772 haere-

248 810 379 874 ditarem
395 812 607 876 consumendo
621 812 814 877 adterebaut.
839 812 1011 876 BLOMF.

293 933 367 997 944.
385 914 480 999 δυοῖν]
496 919 590 978 δοιοῖν
604 915 653 976 Μ.

292 1014 365 1100 ὑπὸ]
381 1016 453 1079 ὑπαὶ
470 1018 581 1079 Herm.
600 1015 747 1080 Schuetz.

291 1117 476 1202 μιαστόροιν]
492 1119 678 1198 μιοιστόροιν
694 1117 801 1180 Guelf.
818 1116 896 1180 Ald.
913 1117 996 1182 Rob.
1013 1119 1119 1181 Turn.

293 1234 366 1304 945.
382 1220 537 1302 δυσοίμου]
556 1220 792 1283 Lomentobilis.
819 1217 921 1282 Schol.
938 1221 1137 1301 δυσπορεύτου
1152 1220 1250 1301 τύχης.
1285 1219 1352 1281 He-

249 1320 335 1407 sych.
356 1322 524 1400 Δύσοιμος;
550 1321 599 1384 tot
621 1326 710 1383 κακοῦ
732 1321 856 1399 ἥκουσα,
879 1318 897 1398 ἢ
920 1323 1051 1387 δύσοδος.
1090 1322 1235 1406 Uterque
1254 1319 1352 1406 igitur

249 1421 405 1487 derivavit
430 1445 469 1485 ex
499 1422 592 1501 οἶμος,
622 1424 687 1485 via.
733 1423 806 1509 Ego
830 1421 937 1508 potius
960 1410 1107 1485 duxerim
1133 1421 1173 1486 ab
1199 1424 1278 1502 οίμη,
1301 1422 1350 1485 vel

249 1524 343 1604 οἶμος,
359 1534 482 1601 cantos,
500 1538 533 1587 ut
557 1522 597 1586 sit
619 1522 701 1587 idem
723 1546 760 1587 ac
782 1524 934 1604 δύσθροος,
949 1524 1144 1602 δυσβάϋκτος,
1160 1522 1350 1588 δυσκέλαδος.

251 1627 426 1690 BLOMF.

294 1730 367 1813 946.
391 1725 410 1812 ι]
434 1729 587 1791 Auratus.
620 1724 748 1812 qilibri.
783 1726 969 1791 Scholiastes
995 1728 1217 1813 interpretatur
1236 1732 1276 1813 τῷ
1301 1731 1352 1791 Αί-

250 1832 346 1913 γίσθιρ
362 1829 462 1908 ἔμολε,
479 1831 518 1912 τῷ
530 1829 736 1891 ἀποκτείναντι
756 1831 834 1912 δόλῳ
845 1829 899 1894 τὸν
916 1828 1136 1911 Ἀγαμέμνονα.
1176 1829 1238 1893 Sed
1255 1829 1352 1892 mani-

251 1931 365 1995 festum
381 1944 427 1993 est
443 1931 573 1993 Poenam
590 1952 664 2006 esse,
681 1927 701 2012 ᾇ
715 1930 801 2008 μέλει
817 1933 991 2012 κρυπταδίου
1006 1931 1113 2016 μύχας.
1136 1933 1314 1996 BLOMF.

295 2049 370 2117 947.
388 2033 464 2095 Post
481 2034 581 2094 Ποινδ
595 2053 716 2095 comma
730 2047 877 2118 ponatur.

295 2131 405 2216 Ποινά]
422 2133 531 2195 Poertu.
555 2132 694 2218 Hesych.
711 2138 853 2200 Ποιναῖςε
878 2136 1012 2216 έφικταῖς
1030 2132 1176 2215 Ἐρινύσι,
1191 2137 1341 2215 τιμωρίαις

253 2235 308 2299 ubi
332 2234 590 2298 Hemsterhusius
604 2234 731 2320 corrigit
751 2241 877 2302 Ποιναῖς
898 2241 1050 2318 φρικταῖςε
1073 2234 1208 2317 Ἐρινύσι
1229 2261 1352 2317 τιμορη.

252 2341 354 2404 τικαΐς.
376 2335 462 2423 quod
478 2336 535 2400 etsi
551 2359 612 2401 non
628 2335 755 2399 omnino
770 2337 912 2422 probem,
928 2335 1004 2399 nihil
1024 2351 1126 2400 tamen
1149 2335 1249 2400 habeo
1263 2337 1351 2422 quod

252 2439 427 2526 praeferam.
465 2438 573 2503 Furiae
587 2438 737 2503 dicuntur
754 2439 862 2502 Ποιναὶ
876 2435 908 2499 iu
924 2437 1020 2500 Eum.
1037 2455 1111 2521 323.
1126 2441 1243 2500 Ποινᾶν
1258 2436 1339 2501 κλῦθ’
1343 2488 1349 2501 .

252 2542 314 2620 vel,
337 2541 362 2604 si
390 2541 609 2626 Muagravium
635 2541 806 2627 sequimur,
833 2540 955 2602 ἀλαοῖσι
980 2539 1028 2601 καὶ
1053 2540 1206 2619 δεδορκόσι
1231 2539 1348 2604 ποινάν.

253 2644 354 2706 Varro
367 2664 417 2729 ap.
431 2644 514 2706 Non.
529 2662 562 2721 4,
577 2643 651 2722 418.
674 2644 787 2706 Tertio
802 2643 976 2704 Poenorom
991 2641 1135 2725 Irfirmt'a
1156 2650 1246 2704 atone
1266 2662 1351 2704 uero

253 2745 289 2807 ἐτι
311 2745 405 2830 vulga
422 2752 554 2828 pectore,
562 2745 728 2829 fluctuant
749 2745 876 2806 δαίσατο
896 2764 994 2816 como,
1008 2742 1134 2806 sordido
1156 2743 1283 2818 vertitu,
1298 2764 1351 2807 ore

252 2865 368 2909 acuero.
392 2844 461 2908 Vai.
475 2843 577 2907 Flaco.
595 2861 625 2927 7,
641 2860 709 2926 147.
730 2843 893 2907 Turbidus
907 2853 944 2906 ut
960 2845 1078 2917 Poenio,
1093 2844 1241 2929 caecisque
1251 2865 1350 2929 ραυο-

252 2947 342 3010 τίδιις
363 2966 467 3009 ensem
490 2947 642 3031 Corripit,
665 2955 694 3009 et
713 2965 807 3009 τινοιν
817 2946 906 3030 firit
923 2946 1058 3032 agmina
1080 2947 1190 3007 matris
1213 2947 1349 3009 Orestes.

255 3048 336 3111 Haec
350 3046 492 3132 exempla
506 3046 593 3111 dedit
609 3047 774 3112 Facciolati
792 3047 869 3112 Lex.
887 3071 916 3111 v.
934 3049 1042 3110 Ρααα.
1068 3046 1240 3109 BLOMF.

297 3148 373 3231 948.
396 3147 431 3227 δή
448 3149 617 3213 Ροτςοιιιιο.
640 3152 673 3213 δὲ
691 3147 772 3213 libri.
811 3147 1016 3212 Scribendum
1033 3145 1057 3209 δ’
1073 3149 1107 3211 ἐν
1121 3169 1193 3211 oum
1209 3145 1348 3210 Pauwio.

253 3250 300 3313 Et
322 3248 375 3327 sio,
399 3264 435 3313 ut
457 3249 592 3330 videtur,
608 3249 781 3329 scholiasta,
796 3251 814 3330 ή
832 3252 866 3313 δὲ
890 3250 962 3316 Διδς
984 3249 1112 3330 θυγάτηρ
1133 3249 1243 3328 ήΔίκη
1257 3246 1349 3329 πάρε-

254 3375 321 3415 στιν
337 3353 371 3414 έν
385 3355 420 3439 τῇ
435 3351 510 3433 πρὸς
524 3354 672 3433 Αἴγισθον
685 3351 767 3436 μάχη
784 3354 831 3415 καὶ
847 3351 988 3434 ἐφήψατο
1003 3354 1056 3414 τοῦ
1068 3353 1183 3432 ξίφους.

295 3453 393 3541 μάχη]
408 3454 491 3534 μάλα
505 3452 582 3517 Ald.
600 3454 704 3517 Turn.

297 3556 447 3639 ἐπήιυμος]
469 3554 674 3619 Scribendum
691 3556 836 3635 ἐτητύμως
851 3576 922 3619 cum
940 3551 1105 3639 scaligero.

297 3677 370 3743 949.
387 3657 472 3741 κόρα]
491 3658 578 3738 κόρας
593 3655 677 3720 Rob.
700 3656 790 3737 κούρα
805 3657 908 3719 Τιιτο.
925 3653 1034 3740 Steph.

298 3758 494 3824 Δίκα-Διὸς
516 3757 600 3842 κόρα]
624 3757 756 3821 Hesiod.
776 3756 900 3843 Theog.
921 3776 995 3840 902.
1017 3755 1058 3820 de
1074 3757 1175 3829 Jove3
1201 3756 1350 3836 Δεύτερον

253 3860 383 3942 ἠγάγετο
397 3860 526 3941 λιπαρὴν
540 3859 647 3938 Θέμιν,
663 3857 682 3937 ἦ
696 3858 781 3922 τέκεν
790 3856 897 3939 Ὥρας,
914 3858 1063 3938 Εὐνομίην
1076 3882 1120 3934 τε,
1136 3859 1232 3936 Δίκην
1245 3880 1288 3934 τε,
1303 3858 1351 3919 καὶ

254 3960 384 4042 Εἰρήνην
404 3965 574 4024 τεθαλυῖαν.
612 3957 729 4022 Confer
744 3957 837 4021 Arati
860 3959 969 4022 Phaen.
985 3961 1037 4043 96.
1052 3956 1213 4022 Eratosth.
1229 3957 1349 4019 Catast.

254 4084 285 4149 p.
299 4081 332 4145 3.
347 4061 398 4125 ed.
414 4060 492 4125 Feli.
506 4077 538 4124 et
550 4059 645 4124 schol.
662 4059 841 4124 Germanici
857 4083 890 4146 p.
906 4059 958 4141 46.
974 4060 1024 4124 ed.
1042 4057 1155 4123 Buhle.
1177 4056 1348 4122 BLOMF.

297 4182 371 4248 951.
388 4164 465 4226 Post
480 4168 574 4230 καλῶς
588 4184 708 4226 comma
722 4178 867 4248 ponatur.

298 4285 317 4350 9
318 4282 371 4349 52.
393 4262 514 4327 πνέοντ’
530 4264 576 4349 ἐν]
598 4262 732 4328 πνέουσα
748 4266 782 4328 ἐν
796 4263 880 4328 Rob.
895 4279 927 4327 et
941 4262 972 4326 in
987 4259 1177 4347 oorrigendis
1197 4263 1351 4328 πνέουσαν

255 4368 298 4431 έν.
344 4363 549 4430 Scribendum
564 4363 716 4430 πνέουσαν
731 4387 803 4429 oum
818 4367 955 4444 Aurato,
970 4362 1073 4428 deleto
1088 4365 1131 4427 ἐν.

297 4487 373 4554 953.
386 4463 573 4553 Παρνάσιος]
591 4464 785 4548 Παρνάσσιος
798 4466 879 4531 Ιίδτὶ.
