2984 5054
205 343 272 410 ⁵46
564 343 946 408 ANNOTATIONES

249 513 450 598 Φρῑωόθλῆῖ]
464 515 644 595 humi!
657 513 767 578 Goelf·
783 514 887 578 Turn·
905 511 1015 600 Steph.
1037 509 1218 591 φρενοᾶαής
1234 511 1322 575 Par.

247 638 325 703 344·
339 615 442 701 ὕμνος]
456 619 557 696 ὕμνοις
570 617 646 680 Par.
660 615 770 681 Guels.

248 717 405 802 Ἐρινύσι]
419 716 583 799 Ἐριννύος
596 718 702 782 Tum.
718 717 826 804 Steph

203 1132 266 1193 τοῖς
280 1071 368 1192 θεὸῖς

246 1245 321 1312 351.
336 1229 500 1308 ονιιὸαίτςιρ
515 1227 621 1290 Turn.
639 1226 747 1314 Steph.
763 1225 916 1307 σνοὸᾶτυρ
931 1227 982 1289 Μ.
999 1225 1077 1290 Ald.
1094 1225 1179 1289 Rob.
1206 1226 1318 1290 Recte

202 1333 362 1411 ξυνὸαίτιιρ
378 1332 546 1394 Pontinus.

244 1450 319 1516 352.
335 1452 408 1519 555.
428 1431 475 1495 Ηί
490 1453 598 1496 versus
612 1431 644 1495 in
666 1453 765 1495 unum
788 1430 998 1519 conjungendi
1020 1430 1202 1517 pariterque
1224 1429 1315 1494 anti·

202 1535 360 1620 strophici.
403 1537 519 1600 Versus
533 1557 572 1599 ex
588 1533 714 1599 duobus
727 1533 918 1620 compositus
932 1531 1079 1597 trimetris
1092 1530 1259 1618 dactylicis
1274 1532 1311 1596 iu

200 1633 955 1724 bisyllabum,-'3,-'o·.-on-'-”,-'.,o-o.

244 1754 320 1821 352.
334 1733 527 1817 ταλλκθκιςο]
543 1735 720 1800 sotum
735 1739 785 1801 Μ.
804 1734 878 1799 Ald.

244 1850 319 1920 353.
341 1837 469 1916 ἄκληρος
490 1833 600 1898 inutile
621 1835 662 1898 ad
680 1836 875 1914 sententiam,
890 1835 1096 1920 perniciosum
1118 1849 1220 1897 metro
1241 1851 1308 1913 est,

201 1936 251 2000 cui
277 1936 504 2001 accommodari
532 1949 636 2023 potest
661 1937 687 2000 si
709 1940 830 2019 ἄμοιρος
855 1936 966 2018 κλήρου
987 1939 1114 2020 ἐτύχθην
1136 1934 1307 2002 scribatur.

202 2037 266 2100 Sed
291 2036 486 2101 verisimilius
510 2036 635 2101 videtur
662 2039 791 2120 ἄκληρος
817 2061 857 2103 ex
885 2038 1069 2125 glossemate
1093 2035 1306 2122 adscriptum,

199 2139 465 2225 quemadmodum
482 2139 663 2228 Hesychius
675 2141 792 2221 ἄμοιροι
805 2163 862 2226 per
881 2142 1005 2221 ἄκληροι
1023 2136 1170 2225 explicat,
1189 2140 1308 2224 geuui-

200 2263 275 2305 num
289 2243 446 2330 expulisse
462 2244 658 2317 vocabulum,
674 2241 761 2330 quod
776 2243 906 2308 lomsse
919 2244 1016 2322 poclm
1029 2239 1101 2304 tuit.

242 2360 318 2430 555.
331 2347 405 2432 556.
416 2363 448 2410 et
458 2367 478 2433 5
479 2364 533 2433 57.
545 2367 564 2433 3
566 2348 620 2433 58.
632 2347 664 2411 iu
679 2347 746 2412 duo
759 2345 962 2412 contrahendi
977 2339 1161 2421 tetrametri,
1174 2356 1206 2405 et
1221 2341 1306 2407 anti-

200 2447 348 2534 strophici
363 2451 438 2534 368.
453 2454 527 2535 369.
543 2465 574 2514 et
589 2469 663 2538 370.
678 2468 752 2536 371.

242 2570 317 2636 355.
332 2553 420 2636 ἄταν]
438 2552 480 2615 ὅτ’
496 2553 533 2618 ὸν
549 2554 600 2618 Μ.
618 2555 701 2619 Rob.

241 2649 342 2733 Ἀρης,
358 2655 480 2721 τιθασὸς
495 2655 549 2740 ὢν]
566 2656 598 2718 h.
613 2679 641 2719 e.
656 2657 772 2742 siquis
784 2673 965 2739 percroewr,
979 2670 1043 2713 non
1053 2651 1148 2736 jurio
1161 2652 1197 2712 in
1211 2649 1302 2727 ὸτΠο,

198 2753 254 2816 sed
274 2776 346 2818 cum
363 2759 566 2842 propinquus
586 2761 640 2836 sit,
653 2777 694 2820 ec
714 2755 856 2830 insidiis,
868 2755 1094 2840 propinquum,
1108 2753 1161 2815 cni
1175 2753 1303 2816 amicus

150 2926 156 2941 .
198 2874 264 2917 esse
288 2854 425 2932 debebat,
450 2856 604 2920 occiderit.
649 2858 754 2934 Quare
782 2877 845 2919 nou
870 2877 952 2940 opus
976 2869 1023 2918 est
1047 2852 1084 2916 ἄν
1106 2855 1201 2934 φίλον
1224 2874 1300 2916 cum

200 2953 338 3019 Stanleio
360 2955 533 3020 emendare.
579 2958 662 3022 Nam
685 2957 718 3020 in
738 2956 833 3039 Ἀρης
851 2955 976 3022 τιθασὸς
995 2955 1094 3019 hortis
1113 2954 1302 3017 densatim

200 3056 397 3142 (metaphora
424 3079 444 3122 a
471 3057 627 3123 cicuribus
655 3058 853 3135 animalibus,
876 3080 950 3143 quae
974 3055 1060 3120 domi
1088 3054 1217 3119 aluntur
1244 3077 1302 3141 pe-

199 3157 265 3237 tita,
288 3181 386 3244 quare
410 3160 533 3228 τίθασος
557 3177 640 3226 recte
665 3183 736 3248 exp.
764 3159 941 3225 scholiastes
963 3161 1078 3234 οἰκεῖος,
1102 3158 1207 3238 φίλος)
1229 3156 1300 3242 jam

197 3262 278 3325 inest
307 3261 491 3349 significatio
518 3260 612 3328 animi
640 3262 760 3328 hostilis
787 3262 936 3326 adversus
964 3281 1048 3337 eum,
1074 3258 1107 3321 in
1136 3278 1231 3344 quem
1255 3257 1300 3323 ob

198 3365 455 3431 uecessitudinem
488 3364 572 3431 mitis
598 3383 630 3432 et
658 3366 731 3454 pius
758 3389 824 3431 esse
852 3362 995 3429 debehat.
1050 3360 1149 3426 Simili
1178 3360 1300 3426 ratione

200 3469 317 3554 Agam.
349 3492 378 3533 v.
409 3487 466 3554 123
469 3484 501 3554 5.
533 3469 701 3556 AEgisthus
736 3469 851 3534 dicitur
886 3467 966 3532 λέον
1000 3467 1123 3532 ἄναλκις
1154 3461 1299 3546 οἰκουρςᾶ.

240 3671 362 3740 τιθασὸς
384 3674 552 3737 Porsonus.
576 3677 698 3740 τίθασος
721 3669 828 3735 Guelf.
852 3671 957 3734 Turn.
979 3671 1121 3736 τίθασσος
1143 3666 1227 3732 Rob.
1250 3694 1300 3734 πι-

198 3772 291 3840 θοσὸς
307 3774 357 3836 Μ.
380 3774 508 3839 τίθασος
522 3771 602 3835 Ald.
620 3771 731 3860 steph.

239 3875 315 3956 556.
330 3872 436 3957 φίλον]
451 3872 543 3953 outae
558 3873 607 3936 M.
624 3873 707 3937 Rob.

166 4059 170 4067 '
239 3986 315 4056 557.
334 3973 383 4036 ἐπὶ
397 3972 460 4046 τὸν,
479 3969 515 4056 ὸ]
532 3972 672 4041 trudeus
687 3974 790 4037 Turn.
836 3971 935 4034 Recte
949 3969 1123 4050 scholiasta,
1139 3975 1188 4038 διὸ
1200 3973 1298 4052 μέσον

195 4072 230 4135 τὸ
246 4072 279 4135 ἄ.

238 4174 313 4258 558.
329 4169 408 4260 ὄνθ’]
427 4172 634 4237 Scribendum
651 4176 723 4238 ὄντα
737 4196 794 4253 τερ
808 4192 880 4235 oum
897 4173 1090 4239 Hermanno.

239 4275 318 4353 ἄρος
333 4270 504 4337 Arnaldus.
527 4275 636 4355 ὁμοίως
651 4272 730 4337 libri.

238 4395 312 4463 359.
335 4373 385 4457 ὑφ’
402 4372 466 4456 (ἐφ’
484 4375 574 4458 Ρατ.)
590 4376 713 4455 αἵματος
728 4374 809 4460 νέου]
825 4374 929 4439 Verba
943 4375 985 4439 ab
999 4376 1220 4463 interpolatore
1239 4379 1297 4445 ad-

189 4475 294 4562 jecte:
322 4477 439 4565 quibus
460 4475 569 4541 deletis
592 4491 744 4562 quattuor
767 4475 956 4564 syllabarum
982 4476 1094 4542 lacuna
1119 4477 1297 4546 indicanda.
