2984 5054
187 344 253 407 882
548 338 926 404 ANNOTATIONES

187 493 279 558 rietes
292 493 382 556 fumo
394 491 572 578 nigrantur,
590 490 714 577 justitia
731 505 836 554 tamen
854 487 1052 553 dominorum
1066 485 1180 551 decoro
1195 487 1227 550 in
1250 487 1289 554 iis

188 594 305 660 lumine
327 592 480 680 splendet,
496 592 595 680 iisque
610 593 760 656 veriorem
776 614 812 655 ac
826 588 1048 654 durabiliorem
1067 586 1192 652 laudem
1214 611 1288 654 oon·

187 694 282 760 ciliat.
306 695 406 759 SCH.

232 800 306 882 776.
321 794 504 881 χρυσόπαστ’
522 797 564 859 Τ.
587 796 782 878 χρυσόπαστα
797 792 822 857 δ’
838 790 943 878 vulgo.

232 899 342 984 ἐσθλὰ]
358 897 468 962 Lectio
483 911 635 983 suspecta.
672 897 724 959 De
740 896 848 960 ἔδεθλα
863 893 1011 980 cogitavit
1027 895 1182 966 Auratus,
1199 892 1288 980 quod

188 1023 251 1064 non
267 1015 376 1087 aptum
392 1014 492 1063 metro
506 1013 562 1063 est.

230 1104 306 1189 πίνῳ
328 1102 438 1187 χερῶν]
459 1104 578 1166 Contra
599 1100 724 1181 καθαραὶ
744 1103 843 1181 χεῖρες
864 1096 901 1160 iis
923 1095 1107 1161 tribuuntur
1120 1095 1177 1182 qui
1199 1095 1288 1160 nullo

188 1201 316 1267 crimine
331 1203 442 1290 polluti
458 1216 539 1265 sunt.
565 1202 700 1264 Eumen.
715 1200 789 1284 318.
804 1199 927 1279 τὸνμὲν
941 1201 1071 1279 καθαρὰς
1091 1204 1194 1281 χεῖρας
1215 1224 1289 1280 προ-

190 1307 316 1385 νέμοντ’.
354 1303 510 1368 Herodot.
530 1324 558 1381 1,
570 1319 622 1389 35.
638 1302 776 1384 συμφορῇ
799 1302 953 1383 ἐχόμενος,
968 1300 1015 1363 καὶ
1030 1300 1064 1362 οὐ
1080 1299 1207 1381 καθαρὸς
1221 1306 1286 1383 χεῖ-

188 1432 242 1487 ρας
257 1408 324 1471 ἑόν.
348 1406 539 1493 Metaphora
554 1419 657 1468 sumta
671 1425 688 1466 a
704 1401 848 1465 manibus
861 1416 932 1464 ante
944 1423 1029 1464 sacra
1041 1399 1190 1465 lavandis.
1216 1399 1287 1464 Vid.

190 1505 383 1571 Valckenaer.
409 1506 450 1571 de
477 1506 555 1571 Ritu
582 1505 693 1592 Jurisj.
720 1504 751 1567 in
778 1506 896 1590 Opusc.
922 1502 1037 1568 Theol.
1067 1506 1227 1568 Bremens.
1259 1523 1286 1567 1.

189 1632 220 1696 p.
234 1628 304 1694 203.
322 1611 435 1673 Horat.
452 1630 477 1672 1.
496 1611 527 1672 S.
539 1628 571 1689 4,
587 1609 638 1671 68.
654 1615 689 1670 at
703 1607 816 1670 beatri
827 1607 899 1693 quis
913 1606 960 1670 Et
975 1607 1065 1670 vivat
1076 1607 1171 1693 ρυτὶι
1185 1605 1289 1668 mani·

189 1714 257 1776 bas.
280 1713 456 1776 BLOMF.

235 1813 308 1896 778.
331 1814 543 1892 παλιντρόποις
566 1809 690 1894 ὄμμασι]
706 1810 838 1874 Aversis
851 1809 958 1873 oculis.
998 1808 1109 1896 Suppl.
1135 1825 1205 1889 172.
1233 1812 1289 1872 νῦν

190 1916 269 1997 ἔχων
290 1911 635 1995 παλίντροπον-Ὄφιν
657 1915 690 1976 ἐν
712 1917 854 1976 λιταῖσιν.
891 1912 1023 1974 Homer.
1048 1909 1140 1974 Iliad.
1162 1915 1194 1974 Γ.
1209 1924 1287 1991 427.

190 2017 267 2077 ὄσσε
281 2013 374 2077 πόλιν
389 2015 526 2076 κλίνασα.
565 2016 650 2099 Opes
664 2013 745 2077 male
759 2029 864 2100 partas
878 2015 901 2076 J
905 2012 1009 2077 ustitia
1025 2035 1064 2076 ne
1079 2012 1202 2098 respicit
1216 2012 1287 2099 qui-

190 2112 273 2177 dem.
308 2112 463 2177 Stanleius
476 2113 596 2177 confert
615 2114 719 2178 Esaiae
739 2138 768 2178 c.
788 2132 884 2200 r,15.
908 2115 1082 2178 BLOMF.
1128 2117 1210 2178 Ante
1231 2140 1288 2178 πα-

189 2217 359 2295 λιντρόποις
373 2213 446 2280 duae
461 2214 677 2279 desiderantur
692 2215 829 2302 syllabae.

234 2332 307 2402 779.
325 2318 440 2381 Versus
456 2340 517 2381 non
532 2316 662 2404 integer.
699 2318 893 2382 Trimetrum
910 2316 1072 2381 restituere
1087 2316 1157 2381 licet
1170 2316 1289 2381 adscita

190 2419 366 2482 Hermanni
389 2420 569 2504 conjectura
597 2419 782 2502 προσέβαλε,
806 2422 919 2500 ὄμμασι
941 2417 1060 2482 λιποῦσ’
1084 2419 1155 2482 ὅσια
1178 2418 1289 2500 προσέ-

189 2528 271 2601 βαλε
285 2525 409 2602 δύναμιν
423 2522 511 2585 οὗ-.

233 2622 307 2704 780.
330 2622 582 2707 δύνομιν-αἴνῳ]
601 2624 780 2686 Potentiam
802 2623 993 2686 divit-inrum
1017 2622 1174 2709 vituperio
1195 2629 1286 2684 nota-

190 2732 268 2801 tam,
280 2721 302 2784 i.
318 2745 345 2786 e.
361 2721 450 2785 malis
470 2723 591 2786 artibus
605 2724 781 2808 quaesitam,
796 2724 924 2786 minime
945 2723 1055 2788 colens.
1102 2724 1155 2787 Ita
1174 2723 1289 2787 rectius

190 2838 304 2902 vertas,
317 2846 411 2909 quam
427 2845 498 2887 cum
516 2822 673 2887 Heathio:
698 2824 844 2887 laudibus
856 2825 1007 2888 celebrari
1021 2826 1155 2891 solitam.
1175 2828 1276 2890 SCH.

235 2927 306 3008 782.
324 2928 400 2989 Post
414 2925 499 2989 hunc
513 2949 637 2990 versum
653 2926 685 2989 in
701 2949 821 2990 scenam
837 2926 941 3012 prodit
958 2932 1190 3013 Agamemnon.

234 3029 308 3113 783.
331 3027 501 3113 τολίπορίί]
527 3028 699 3111 πτολίπορθ’
723 3027 940 3105 Blomlr'eldus,
956 3052 1029 3116 quaa
1050 3029 1152 3093 forma
1173 3029 1289 3116 legitur

190 3130 222 3193 in
247 3130 333 3194 libris
355 3154 384 3195 v.
400 3147 475 3216 473,
493 3146 524 3196 et
544 3145 627 3196 recte
648 3133 787 3196 fortasse.
831 3131 932 3219 Epicu
953 3132 1054 3195 forma
1075 3150 1131 3196 aut
1153 3146 1289 3220 utroque

190 3231 258 3297 looo
270 3246 327 3297 aut
341 3247 453 3296 neutro
467 3247 514 3297 est
529 3233 716 3321 recipienda.

234 3337 306 3421 785.
323 3336 444 3422 σεβίζω]
460 3339 570 3416 σεβίξω
586 3335 637 3399 Fl.
658 3358 697 3398 ex
716 3335 894 3422 conjectura
914 3333 1030 3398 librarii
1052 3334 1288 3420 subjunctivum

189 3436 294 3502 aoristi
310 3436 504 3523 requirentis.

234 3540 306 3623 789.
334 3539 535 3624 παραβάντες]
562 3539 799 3620 παραβαίνοντες
823 3537 1004 3617 Triclinius,
1023 3560 1117 3624 quem
1141 3538 1289 3603 catalexis

189 3640 262 3726 plus
288 3641 380 3705 semel
407 3641 546 3718 offendit,
574 3661 646 3702 nam
672 3639 704 3702 in
729 3663 758 3702 v.
782 3657 856 3723 792.
882 3639 1011 3726 corrigit
1033 3648 1287 3723 προσεφικνεῖται.

190 3742 366 3806 BLOMF.
403 3742 500 3804 Adde
514 3763 543 3803 v.
560 3741 632 3819 804.
650 3740 724 3803 806.
744 3759 837 3824 1491.
858 3759 950 3824 1493.
970 3760 1063 3824 1540.

233 3857 307 3926 791.
337 3847 434 3923 δῆγμα
458 3843 500 3905 Τ.
526 3854 558 3903 et
588 3841 732 3904 Stobaeus
763 3839 847 3904 Flor.
876 3859 948 3918 112,
976 3862 1025 3909 12.
1050 3845 1156 3923 δεῖγμα
1183 3841 1289 3928 vulgo.

190 3943 312 4006 Locum
330 3958 411 4006 recte
426 3940 575 4029 explicuit
592 3942 636 4005 H.
649 3941 837 4028 Stephanus,
849 3965 954 4008 omnes
968 3945 1011 4007 ad
1024 3945 1289 4031 ιῗίίααιγυιανιιίυυι

188 4045 303 4108 alicnis
324 4035 513 4129 irffortimiis
534 4064 599 4108 esse
614 4054 770 4132 paratos‚·
794 4046 849 4109 scd
866 4048 914 4110 ito
932 4057 969 4110 ιιι
987 4047 1117 4112 doloris
1139 4049 1291 4112 medullas

189 4167 295 4209 eorum
309 4167 374 4208 ιιοπ
389 4145 538 4208 mordeat.

234 4262 306 4330 793.
322 4247 370 4311 καὶ
384 4247 608 4332 ξυγχαίρουσιν]
624 4247 671 4311 καὶ
687 4247 767 4312 νυκτὶ
783 4251 815 4312 δὲ
829 4251 988 4332 χαίρουσιν
1003 4253 1160 4330 Stobaetrs‚
1172 4249 1289 4315 vitiose.

190 4347 363 4411 Manifesto
382 4346 619 4432 conjunguntur
642 4347 793 4428 homines,
814 4351 869 4437 qui
894 4351 1068 4417 ridentibus
1087 4352 1237 4416 udrident
1258 4366 1290 4416 et

176 4449 334 4536 flentibus
344 4447 473 4536 adstent,
487 4447 541 4534 qui
564 4449 666 4534 parati
688 4463 761 4514 sunt
779 4455 820 4537 τῷ
841 4457 1059 4534 δυσπραγοῦντι
1081 4453 1290 4536 ἐπιστενάχειν
