2984 5054
257 336 323 402 536
622 338 1000 404 ANNOTATIONES

257 505 381 595 reliqui.
406 508 461 587 έξω
484 508 583 587 νόμων
604 507 827 593 interpretatur
848 504 1023 585 scholiasta,
1045 524 1140 592 quem
1162 502 1240 584 πέρα
1261 506 1364 584 νόμων

258 610 369 697 legisse
383 610 507 697 conjicit
523 609 726 674 Wieselerus.

301 712 426 798 βρότεα]
441 711 553 794 βρέτεα
568 713 610 776 Τ.
629 713 735 775 Turn.
753 710 862 797 Steph.

306 831 377 896 172.
395 816 522 898 Μοίρας]
541 815 593 876 De
608 813 656 875 his
672 835 705 876 ν.
722 831 795 893 724.

305 933 377 998 174.
394 917 483 995 κδμοί
494 917 541 999 τε]
561 915 650 995 κδμοί
665 940 702 997 γε
718 916 905 978 Pearsonus.

302 1017 425 1103 λυπρὸς]
440 1018 543 1100 πικρὸς
558 1020 630 1081 Par.

302 1118 473 1205 ἐκλύσεται]
498 1117 666 1182 Notandus
688 1117 836 1182 transitus
857 1116 898 1181 ab
921 1115 1056 1181 secunda
1076 1115 1116 1180 ad
1140 1116 1261 1180 tertiam
1288 1140 1359 1204 per-

257 1244 374 1285 sonam.

304 1338 341 1403 17
343 1341 376 1405 5.
392 1323 497 1405 φυγὼν
512 1325 680 1387 Porsonus.
701 1324 822 1405 φεύγων
838 1323 917 1387 libri.

304 1428 375 1509 176.
391 1426 433 1490 ὢν
447 1425 471 1490 δ’
489 1428 657 1490 Porsonus.
680 1426 704 1491 δ’
721 1427 763 1492 ὢν
778 1426 858 1492 libri.

303 1530 376 1610 178.
403 1528 529 1613 ἐκείνου]
556 1528 761 1592 Scribendum
785 1533 818 1594 ἐκ
841 1530 948 1601 κείνου,
968 1536 1040 1614 post
1061 1526 1152 1603 illuct,
1175 1526 1260 1612 quod
1284 1542 1359 1592 ante

256 1651 367 1715 passus
381 1647 437 1694 est.
484 1632 536 1694 Ita
552 1632 648 1718 Soph.
666 1630 748 1695 Phil.
767 1633 841 1715 685.
859 1631 1003 1709 εὐδαίμων
1017 1629 1121 1691 ἆνύσει
1140 1629 1188 1691 καὶ
1206 1629 1300 1710 μέγας
1324 1632 1358 1693 ἐκ

257 1732 372 1804 κείνων,
391 1730 443 1793 ubi
459 1729 566 1794 Aldus
581 1730 693 1794 menda
708 1729 797 1793 simili
814 1730 945 1794 ἐκείνων.
968 1729 1110 1792 ΒΟΤΗ.

300 1830 427 1894 πάσεται
443 1833 493 1894 Μ.
512 1831 620 1896 Guelf.
636 1833 721 1896 Rob.
743 1835 893 1897 πάσσεται
909 1831 977 1897 libri
992 1830 1114 1916 reliqui.
1147 1833 1210 1894 Per
1223 1829 1357 1914 λήψεται

255 1930 393 2016 explicat
408 1932 580 1996 scholiasta.

304 2034 375 2095 181.
400 2034 510 2111 πτηνὸν
532 2034 682 2116 ἀργηστὴν
704 2034 787 2118 ὅφιν]
811 2034 947 2121 Sugittae
961 2033 1002 2096 ab
1016 2055 1112 2096 aureo
1126 2055 1221 2095 nervo
1235 2031 1356 2096 emisse

256 2133 433 2220 descriptio,
448 2134 499 2198 cui
514 2148 694 2222 serpentum
709 2134 883 2221 adspectus,
896 2135 1012 2222 quibus
1025 2134 1240 2198 Eumenidum
1255 2134 1355 2199 crines

255 2234 390 2298 redimiti
405 2252 504 2313 erant,
519 2236 708 2301 occasionem
723 2236 845 2301 dedisse
860 2237 994 2301 videtur.
1019 2239 1117 2301 SCH.

303 2338 372 2421 183.
401 2338 506 2418 μέλαν’
529 2339 578 2403 ἀπ’
601 2341 763 2422 ἀνθρώπων
785 2340 895 2426 ἄφρον]
918 2338 1110 2404 Eumenides
1132 2338 1245 2402 diserte
1266 2336 1354 2402 haud

256 2462 322 2503 uno
337 2440 404 2505 loco
415 2441 500 2529 apud
514 2441 700 2530 AEschylnm
715 2442 879 2528 finguntur
890 2442 1044 2507 hominem
1061 2455 1189 2505 exsucto
1203 2439 1355 2525 sanguine

256 2543 438 2608 tabefacere.
485 2546 537 2610 Cf.
562 2569 592 2607 v.
614 2548 686 2625 264.
705 2568 772 2630 sqq.
820 2546 933 2631 ltaque
951 2544 1088 2608 minatur
1107 2541 1226 2628 Apollo
1248 2564 1280 2604 se
1301 2565 1354 2605 eas

254 2645 375 2730 sagittis
396 2646 539 2709 immissis
562 2662 622 2710 tam
640 2645 813 2709 vehementi
836 2645 942 2710 dolore
964 2645 1164 2721 afflicturum,
1183 2658 1219 2707 ut
1239 2643 1276 2707 iis
1297 2666 1352 2708 ne-

254 2768 337 2810 cesse
358 2748 502 2811 futurum
526 2748 563 2811 sit
587 2747 769 2833 sanguinem
792 2745 965 2824 hominum,
988 2768 1082 2833 quem
1106 2744 1256 2823 suxerint,
1280 2767 1353 2809 evo-

254 2867 346 2909 mere.
373 2849 473 2910 SCH.

300 2951 370 3026 184.
387 2952 534 3029 θρόμβους
550 2951 657 3034 φόνον]
676 2952 860 3039 Sangarium
871 2953 995 3039 grum.
1027 2949 1226 3038 Hesychius:
1252 2951 1354 3031 Θρόμ·

252 3051 432 3129 βων-αἶμα
445 3051 537 3132 παχύ,
553 3055 694 3134 πεπηγός,
711 3055 749 3121 ὡς
762 3055 878 3134 βουνοί.
903 3055 1003 3118 SCH.

300 3152 337 3214 18
339 3171 369 3234 5.
385 3152 513 3236 δόμοισι]
530 3154 628 3232 δόμοις
643 3181 679 3219 σε
695 3178 803 3242 margo
818 3155 967 3220 Ashewii.

295 3255 507 3338 χρίμπτεσθαι]
525 3257 699 3338 χρίμπτεται
715 3259 824 3322 Guelf.
841 3257 921 3321 Ald.

300 3358 369 3419 186.
392 3355 460 3420 ἀλλ’
477 3357 511 3420 οὗ
527 3361 824 3446 superscripsimus]
841 3362 931 3424 Luce
944 3357 1057 3423 clarius
1071 3371 1126 3430 est,
1143 3371 1265 3442 poetam
1281 3357 1313 3421 h.
1330 3356 1352 3421 l.

251 3459 490 3545 exquisitissima
512 3460 658 3525 humanae
679 3460 871 3526 crudelitatis
892 3458 1035 3546 exempla
1055 3480 1247 3538 coacervare,
1268 3482 1351 3546 quo·

252 3584 321 3625 rum
339 3562 526 3648 spectaculo,
543 3579 689 3648 tanquam
707 3563 792 3626 festis
807 3563 917 3650 epulis,
934 3561 1040 3625 Furioe
1055 3559 1257 3625 delectentur.
1298 3563 1351 3625 lbi

252 3687 307 3729 uos·
321 3666 428 3728 adesse
445 3665 538 3741 dccet,
554 3664 657 3750 inquit
672 3664 1065 3750 Ap0l10,uhiea:ercentor
1081 3665 1229 3727 vindictae
1243 3666 1350 3750 capita

250 3767 474 3842 abscindentes,
489 3767 649 3851 oculosque
663 3767 850 3852 effodientes,
860 3765 1153 3850 udijugulotionea
1163 3767 1217 3829 τιδι’
1234 3767 1350 3830 viridis

245 3889 420 3954 ριιενοττιπι
436 3878 515 3931 cetos
535 3869 665 3931 seminis
686 3868 885 3953 corruptiore
906 3867 1044 3942 luditur,
1060 3870 1115 3933 ιιδί
1136 3869 1304 3945 mutilatio,
1319 3878 1350 3931 et

249 3969 415 4054 lapidatio,
427 3979 456 4033 et
469 3971 522 4032 nbi
530 3970 617 4054 palis
631 3971 726 4053 infici
741 3969 860 4053 τρίιῖαίιι
875 3990 932 4031 suo
946 3969 1074 4033 multant
1087 3972 1348 4057 pretereuntium

249 4071 496 4133 miscricordiam
512 4072 602 4132 cient.
627 4070 728 4133 SCH.

293 4175 504 4252 καρανιστῆρες
531 4173 633 4233 Turn.
662 4169 769 4255 steph.
807 4177 1025 4254 καρανιγστῆρες
1053 4175 1101 4237 Μ.
1130 4172 1238 4237 Guelf.
1264 4173 1348 4237 Rob.

250 4376 285 4439 81
316 4424 323 4439 .

293 4394 365 4562 i87.
382 4476 552 4560 σπέρματός
565 4475 589 4541 τ’
605 4479 775 4560 ἆποφθοραὶ
789 4482 912 4560 παίδων,
926 4484 1015 4544 κακοῦ
1028 4505 1061 4545 τε
1076 4480 1209 4566 χλοῦνις]
1226 4481 1347 4567 Legen-
