2984 5054
135 369 137 372 ’
256 325 321 390 556
619 330 997 394 ANNOTATIONES

298 511 373 581 515.
390 497 463 581 516.
487 509 519 561 et
537 498 751 586 antistrophiei
772 519 847 584 524.
865 515 939 584 525.
961 499 994 563 in
1018 521 1116 564 unum
1138 520 1262 563 versum
1281 520 1355 564 eon-

252 600 439 686 jungentur.

298 716 373 785 515.
389 699 553 786 οἰκτίσαιτ’]
569 701 705 766 οίκτίσετ’
722 701 807 766 Rob.

301 802 412 887 ἐπειδὴ]
430 804 494 867 ἐπεὶ
508 803 544 882 δὴ
559 802 638 867 Ald.

299 907 374 988 516.
388 904 496 989 πίτνει]
511 910 610 969 πιτνεΐ
620 904 701 969 libri.

298 1023 374 1091 517.
398 1007 461 1070 ἔσθ’
477 1009 552 1071 ὅπου
567 1008 600 1070 τδ
615 1006 713 1072 δεινὸν
727 1006 771 1091 εὖ]
796 1005 977 1086 Scholiasta,
994 1009 1029 1073 οὗ
1045 1011 1182 1090 πανταχῆ
1204 1006 1238 1070 τδ
1253 1007 1355 1072 δεινὸν

256 1109 376 1173 ἀπεῖναι
390 1115 508 1191 φρενῶν
523 1114 576 1174 δεῖ.

297 1225 372 1294 519.
397 1210 541 1295 δειμανεῖ]
570 1210 775 1275 Scribendum
798 1216 846 1275 δεῖ
865 1212 968 1291 μένειν
990 1234 1061 1275 eum
1085 1233 1242 1297 anonymo
1262 1209 1351 1296 apud

255 1312 440 1378 Dobraeum.
477 1315 575 1377 Hune
589 1327 621 1377 et
635 1313 813 1399 proximum
828 1335 951 1376 versum
967 1335 1030 1377 om.
1045 1313 1129 1378 Rob.

295 1431 371 1500 520.
385 1417 443 1480 ὑπὸ
455 1415 567 1501 στένει]
582 1415 740 1481 ὑποστένει
755 1415 862 1479 Guelf.
877 1414 953 1480 Ald.

295 1532 370 1601 521.
393 1520 437 1586 τίς
450 1519 616 1599 δὲ-σέβοι
635 1519 731 1604 δίκαν]
755 1518 877 1583 Eadem
899 1517 1050 1582 sententia
1067 1517 1150 1581 iufra
1168 1515 1349 1602 simplicius,

253 1634 364 1705 utpote
377 1634 468 1684 extre
481 1621 638 1685 eboricum
653 1643 788 1701 carmen,
802 1642 946 1706 expressa
959 1620 1090 1684 recurrit
1105 1643 1135 1684 v.
1149 1621 1230 1706 699:

338 1726 393 1790 Τίς
407 1727 464 1805 γδρ
478 1725 614 1792 δεδοικδς
627 1728 720 1804 μηδὲν
734 1723 846 1791 ἔνδικος
859 1729 996 1804 βροτῶν;
1030 1724 1130 1787 SCH.

296 1824 380 1910 φάει]
395 1827 577 1908 λαμπρότητι
592 1826 639 1889 καὶ
653 1826 790 1905 ὀρθότητι
802 1830 921 1906 φρενῶν
935 1823 1071 1910 explicat
1084 1824 1255 1889 scholiasta.
1283 1825 1346 1889 Sed

251 1947 360 1990 sensus
373 1925 434 1989 δέει
448 1925 596 2012 postulat,
610 1927 697 2013 quod
710 1925 846 1990 restituit
862 1925 1055 1990 Schuetzius.

293 2044 368 2111 522.
384 2029 502 2107 καρδίας
518 2029 684 2091 Canterus.
719 2029 840 2110 καρδίαν
854 2027 936 2106 libri,
951 2028 1037 2114 quod
1052 2027 1273 2092 revocandum.

293 2127 481 2213 ἀνατρέφων]
519 2128 723 2193 Scribendum
761 2130 799 2194 δν
827 2130 1005 2212 ἀνατρέφων
1034 2151 1106 2194 cum
1143 2130 1347 2195 Lachmauno

292 2349 369 2418 525.
380 2330 481 2417 ἢ-θ’]
494 2333 641 2397 Notanda
649 2333 807 2420 responsio
817 2331 1039 2420 particularum
1048 2333 1154 2414 ἤ-σε,
1163 2334 1255 2421 eujus
1265 2336 1345 2399 enti-

248 2434 433 2520 quissimum
455 2435 632 2522 exemplum
654 2451 701 2500 est
722 2435 809 2522 apud
832 2438 928 2500 Hom.
952 2436 1131 2516 11.u‚289.
1149 2437 1226 2500 ὥστε
1245 2441 1303 2518 γὰρ
1324 2435 1345 2517 ἢ

246 2541 350 2602 παῖδες
371 2538 472 2618 νεαροὶ
494 2540 587 2619 χῆραί
608 2563 641 2601 τε
667 2544 803 2621 γυναῖκες
821 2537 827 2625 Ι
846 2538 1027 2618 ἀλλήλοισω
1051 2539 1206 2619 ὀδύρονται
1227 2538 1344 2603 οἶκόνδε

246 2636 377 2703 νέεσθαι.

288 2759 330 2825 52
331 2756 363 2825 5.
379 2740 480 2826 σέβοι]
496 2709 583 2820 effigi
597 2741 648 2804 M.

288 2842 385 2927 δίκαν]
399 2844 480 2910 δίκας
494 2842 572 2907 Ald.
590 2844 693 2906 Turn.

287 2945 362 3026 526.
378 2944 537 3029 ἀναρκτον]
559 2944 613 3008 οὖν
628 2965 734 3007 versus
748 2939 895 3028 explendi
908 2961 1015 3004 caussa
1029 2939 1152 3005 eddidit
1167 2942 1339 3023 Beothius,

243 3058 338 3124 reete,
353 3045 411 3109 nisi
433 3047 579 3127 ἀνορκτον
600 3045 681 3109 elius
700 3040 843 3129 adjectivi
863 3039 1087 3128 quadrisyllebi
1107 3043 1260 3128 glossema
1282 3060 1339 3110 est.

244 3147 358 3232 Neque
387 3146 470 3211 enim
498 3146 659 3234 probabile
686 3158 733 3210 est
758 3144 792 3208 δέ
822 3142 854 3206 in
884 3165 975 3206 versu
1012 3144 1235 3232 antistrophieo
1261 3150 1339 3233 558.

241 3247 410 3312 delendum
424 3271 501 3327 esse,
516 3270 589 3334 quae
605 3245 798 3311 Lachmanni
813 3243 875 3309 fuit
890 3246 1042 3310 sententia
1055 3270 1086 3334 p.
1101 3268 1155 3328 44.

281 3364 357 3435 529.
366 3367 444 3438 550.
458 3365 489 3415 et
503 3347 715 3434 antistrophiei
728 3364 803 3433 540.
814 3361 889 3432 541.
904 3347 937 3411 in
954 3370 1052 3414 unum
1067 3371 1191 3414 versum
1207 3353 1338 3439 conjun-

281 3451 345 3516 ndi.

239 3475 280 3538 8⁰
282 3571 357 3638 529.
372 3554 461 3619 παντὶ
476 3551 632 3616 Psuwius.
655 3549 763 3615 ἅπαντι
777 3550 858 3616 libri.

282 3656 365 3741 μέσῳ
387 3655 432 3740 τὸ]
454 3653 533 3738 μέσῳ
554 3653 589 3716 τὸ
611 3651 688 3717 Ald.
714 3676 780 3740 quo
801 3653 877 3719 vitio
900 3653 1050 3741 deceptus
1072 3657 1175 3719 Turn.
1198 3658 1255 3736 μὲν
1277 3657 1336 3741 ἀτφ

298 3771 351 3820 ull.

238 3780 354 3944 ΡΟἓ50.
383 3856 452 3921 ἀλλ’
477 3859 557 3941 ἀλλα
583 3856 816 3923 Lachmannus.
847 3856 928 3921 ἄλλα
953 3857 1035 3920 ἄλλα
1059 3854 1141 3936 libri,
1164 3857 1222 3922 uisi
1247 3858 1334 3944 quod
1389 3888 1391 3893 ·

238 3963 319 4045 ἀλλα
333 3961 415 4023 ἄλλα
430 3959 514 4023 Rob.

280 4060 305 4125 δ’
322 4060 470 4147 ἐφορεύει]
485 4059 521 4123 δι’
534 4060 671 4142 ἐφορεύει
686 4060 736 4123 Μ.
759 4056 924 4137 διεφορείει
939 4054 1014 4121 Ald.

278 4182 353 4248 534.
369 4164 533 4241 δυσσεβίας
549 4162 717 4224 Personus.
741 4157 919 4235 δυσσεβείας
932 4155 1013 4220 libri.

278 4280 353 4352 555.
366 4261 494 4346 δγιείας]
510 4264 612 4344 ὑγείας
627 4255 710 4323 Rob.

277 4369 351 4455 556.
367 4370 460 4430 πᾶσιν
475 4361 643 4428 Heathius.
665 4363 739 4422 πᾶσι
752 4355 832 4420 libri.

274 4470 350 4554 558.
366 4466 424 4551 τοι]
441 4461 644 4530 Scribendum
661 4485 713 4524 σοι
726 4481 798 4524 cum
815 4459 864 4525 M.
882 4460 957 4527 Par.
973 4460 1082 4526 Guelf.
1099 4462 1183 4527 Rob.
