2984 5054
247 334 312 403 490
609 332 988 398 ANNOTATIONES

293 521 368 590 791.
383 501 451 588 μιν]
469 499 674 567 Scribendum
691 525 740 565 νιν
752 522 824 565 cum
842 499 992 565 Seidlero.

290 604 402 688 μέγαν]
419 603 498 685 μέγα
514 602 624 667 Guelf.
640 600 718 665 Ald.

291 705 375 791 licus]
391 709 476 788 αίρας
492 705 540 768 Μ.
558 703 668 769 Guetf.
683 703 763 768 Ald.

292 808 379 872 Mira
408 806 623 894 interpretatio
651 806 842 887 scholiastae3
879 807 990 888 ἐπάρας
1016 811 1074 890 γδρ
1107 807 1160 871 τὸν
1188 806 1346 888 Ὀρέστην,

248 910 359 990 δυνήσῃ
382 911 432 974 καὶ
450 912 649 992 τριπλασίονα
669 909 776 988 ποινὴν
797 911 1013 992 εἰσπράξασθαι
1034 909 1088 973 τὸν
1101 909 1251 990 Ὀρέστην
1266 912 1349 986 ποιῆ-

248 1037 312 1076 σαι.
348 1011 527 1090 Schutzius,
543 1013 673 1076 Etenim
688 1013 717 1076 si
732 1034 800 1076 τινα
816 1013 962 1087 erexeris,
978 1011 1146 1098 dupliciter
1160 1032 1197 1074 οσ
1212 1011 1349 1096 triplici·

248 1124 296 1179 ter
318 1116 375 1178 tibi
396 1116 505 1179 ίαδσασ
526 1115 696 1179 retribuet:
719 1114 770 1179 cui
792 1115 958 1179 assentitur
976 1115 1135 1180 Butlerus.
1182 1113 1244 1178 Sed
1266 1128 1350 1176 recte

249 1217 370 1281 monuit
386 1217 534 1281 Pauwius
549 1219 672 1299 ἀμείψει
686 1240 752 1281 esse
766 1215 911 1281 secundae
925 1239 1085 1303 personae;
1110 1218 1249 1282 vicissim
1264 1217 1347 1279 ccci-

243 1341 322 1407 ριτε
333 1322 466 1406 poteris.
490 1320 665 1384 BLOMF.

293 1440 365 1509 793.
381 1424 566 1501 παλίμποινα
583 1420 692 1509 steph.
714 1424 897 1487 πολίνποινα
910 1421 982 1486 libri
995 1421 1117 1510 reliqui.

293 1525 430 1610 ἀμείψει]
445 1526 560 1610 ἀμείψῃ
576 1524 681 1587 Turn.

294 1648 367 1712 794.
382 1628 460 1715 ἴσθι]
477 1630 548 1711 ίσχε
562 1625 720 1691 Pauwius.

293 1733 363 1814 ἴσχε
378 1728 402 1795 δ’
421 1728 695 1814 ἀνδρὸς-ὄρεγμα]
711 1728 822 1793 [olibe
833 1751 907 1792 vero
920 1729 1024 1793 dilecti
1039 1732 1105 1794 viri
1121 1732 1347 1816 (Agamemno-

249 1833 298 1896 nis
313 1831 422 1911 filium,
438 1835 600 1918 tanquam)
613 1832 739 1919 pullum
752 1834 863 1897 orbum
877 1833 987 1896 αιτναέ
1004 1834 1219 1897 calamitatum
1233 1833 1349 1920 alligo-

252 1943 319 1998 tum
341 1936 467 2020 ςγίισηασ
488 1934 598 1997 cursui
612 1933 782 2020 aliquando
796 1933 920 1997 modum
938 1956 1060 2021 ρατινπο
1078 1935 1128 2000 fac
1150 1952 1186 2000 nt
1201 1935 1260 1999 hoc
1281 1934 1349 2021 ipso

250 2035 461 2101 moderamine
486 2047 626 2098 servatus
648 2034 704 2098 Ιιοσ
727 2033 838 2121 patrias
862 2036 965 2100 solum
990 2038 1106 2116 νέαισί,
1127 2045 1349 2124 στηισναίοτανυ

246 2160 420 2227 gressuum
435 2138 632 2212 θνσὶιίστὶιιια,
648 2136 679 2201 h.
695 2160 722 2201 e.
738 2159 833 2223 quam
855 2137 987 2224 patriam
1010 2139 1042 2203 in
1058 2151 1124 2203 toto
1138 2138 1349 2203 calamitatum

251 2264 358 2318 cursu,
372 2239 471 2305 exsilii
486 2239 657 2327 presertim
670 2253 821 2326 tempore,
836 2239 967 2304 nimium
984 2258 1138 2327 quantum
1153 2239 1348 2307 desideravit.

254 2345 305 2410 Sic
327 2361 417 2408 tenor
438 2341 594 2429 allegoriae
618 2365 638 2408 a
661 2341 815 2430 principio
838 2342 999 2429 usquead
1024 2343 1117 2408 finem
1137 2343 1196 2407 sibi
1219 2355 1350 2406 constat.

253 2448 379 2512 Orestes
392 2444 475 2510 enim
497 2458 587 2532 patre
608 2444 736 2509 orbatus
750 2459 782 2507 et
796 2443 885 2508 exsul
899 2466 970 2508 cum
994 2442 1081 2530 pullo
1095 2444 1211 2531 equino
1225 2466 1350 2530 compa·

251 2563 359 2624 ratur3
384 2548 573 2613 calamitates
594 2549 663 2635 ejus
683 2569 755 2612 cum
778 2569 883 2623 curru,
900 2545 951 2610 cui
972 2569 1073 2633 equus
1089 2547 1222 2634 junctus
1240 2568 1352 2611 cursus

252 2650 418 2715 immodica
432 2649 588 2715 celeritate
603 2649 712 2714 misere
730 2648 900 2735 fatigatum
923 2648 1033 2730 μέτρον
1046 2663 1078 2713 et
1091 2649 1202 2732 ῥυθμὸς
1222 2672 1350 2737 prorsus

251 2751 334 2816 idern
365 2751 551 2839 significant,
581 2751 728 2815 nimirum
757 2750 1000 2815 infortuniorum
1030 2752 1294 2826 sublevationem
1318 2765 1350 2816 et

253 2853 332 2918 sicut
346 2876 448 2940 equus
461 2853 627 2919 immodico
639 2877 733 2919 cursu
747 2854 884 2941 agitatus
897 2853 1096 2919 vehementer
1108 2853 1279 2933 stabulum,
1295 2855 1351 2919 ubi

253 2956 445 3042 requiescere
465 2957 574 3046 possit,
596 2957 761 3037 desiderat,
784 2956 827 3021 sic
851 2956 961 3045 patria,
980 2959 1031 3022 cui
1052 2958 1261 3023 restituendus
1283 2974 1351 3023 erat

254 3060 390 3135 Orestes,
411 3060 491 3124 bene
512 3059 573 3124 dici
594 3074 717 3148 poterat
739 3059 868 3125 δάπεδον
888 3058 1043 3139 ἀνομένων
1061 3059 1205 3140 βημάτων
1226 3063 1349 3143 ὄρεγμα

255 3161 306 3226 Sic
328 3161 515 3227 vocabulum
537 3166 621 3244 βῆμα
642 3162 682 3227 de
701 3161 805 3227 reditu
829 3161 948 3225 Orestis
972 3159 1057 3248 apud
1084 3161 1269 3249 Sophoclem
1296 3162 1350 3226 El.

253 3286 282 3328 r.
306 3280 376 3349 159.
395 3287 442 3351 sq.
468 3264 540 3333 Διὸς
562 3267 685 3348 εὔφρονι
707 3265 819 3348 βήματι
843 3265 977 3343 μολόντα
998 3262 1088 3328 τόνδε
1109 3269 1168 3347 γᾶν
1188 3263 1351 3346 Ὀρέσταν.

255 3367 356 3432 SCH.

299 3472 372 3554 796.
390 3469 493 3535 Schol.
510 3471 643 3551 ἐνέμεινε
657 3474 693 3558 τῇ
706 3471 871 3555 μεταφορᾷ.
895 3472 996 3552 φήσας
1009 3476 1067 3555 γδρ
1083 3476 1116 3537 έν
1131 3473 1237 3556 ἅρματι
1256 3474 1352 3556 πημθ-

253 3598 321 3652 τιον,
338 3573 372 3637 τδ
387 3575 483 3658 δρόμιρ
498 3573 641 3655 ἐπήγαγε.

299 3677 372 3760 798.
387 3674 463 3738 τοῦτ’
480 3677 554 3740 ίδεῖν
568 3674 708 3759 δάπεδον]
726 3676 840 3739 Versus
855 3691 1030 3764 corruptus.

298 3795 371 3860 799·
398 3775 538 3856 πημάτων
563 3777 667 3840 Turn.
700 3776 809 3864 steph.
843 3777 994 3858 murs»
1018 3777 1102 3842 τοι).
1145 3779 1351 3844 &smmum

253 3874 396 3957 βημάτων
410 3896 483 3938 cum
499 3875 549 3940 M.
566 3875 675 3940 Guelf.
689 3874 767 3940 Ald.

298 3977 371 4040 801.
394 3979 583 4057 πλουτογαθῆ
598 3976 701 4039 Turn.
734 3983 925 4059 πλουτογαθῆ
948 3981 997 4043 Μ.
1015 3979 1122 4047 Guelf.
1139 3981 1224 4047 Rob.
1241 3983 1354 4071 steph.

255 4075 357 4141 πλοῧτ’
373 4077 470 4157 ἆγαθῆ
486 4075 563 4138 Ald.

299 4177 443 4261 νομίζετε]
463 4178 525 4240 Per
539 4177 698 4259 ἡνιοχεῖτε,
715 4183 849 4243 διοικεῖτε
863 4180 998 4267 explicat
1012 4183 1185 4250 scholiasta.

300 4281 374 4345 802.
392 4279 508 4363 κλύετε]
523 4278 713 4344 Accuratins
727 4278 777 4345 hic
792 4304 898 4344 versus
915 4282 1138 4369 antistrophico
1153 4289 1354 4376 respondebit

256 4385 280 4448 si
297 4389 385 4448 κλῦτε
399 4380 562 4445 scribatur.

300 4487 372 4571 803.
390 4485 463 4565 804.
480 4486 596 4550 Versus
608 4508 649 4551 ex
663 4484 808 4551 dochmio
822 4500 854 4551 et
867 4487 995 4575 dipodia
1009 4488 1141 4556 iambica
1154 4494 1328 4582 compositi.
