2984 5054
247 325 312 388 880
606 323 984 387 ANNOTATIONES

247 488 453 575 adspioerent‚
464 510 569 553 amore
591 488 650 569 sui,
664 487 753 575 quasi
776 487 838 553 telo
858 487 1007 575 quodam,
1023 486 1217 553 vulnerabat.
1251 490 1348 571 ὁρμά.

247 617 307 655 των
325 591 423 677 igitur
444 613 505 654 non
526 591 566 655 de
589 591 734 669 Helena,
748 590 802 654 sed
818 590 858 655 de
872 589 1011 654 virorum
1026 605 1058 654 et
1074 590 1229 677 juvenum
1249 590 1350 656 oculis

247 691 474 780 aoeipiendum,
489 691 545 778 qui
560 692 662 757 forma
675 693 744 780 ejus
759 708 897 780 spectata
910 716 1015 758 amore
1030 693 1212 758 urebantur.
1236 693 1349 771 Quid?

248 796 335 881 quod
357 793 451 881 gelidi
465 818 593 882 quoque
613 817 701 860 senes
715 796 784 883 ejus
805 794 954 883 adspectu
978 795 1137 880 tepebant,
1151 809 1183 859 et
1200 793 1241 858 ad
1263 817 1349 860 aum-

248 917 332 959 mam
362 896 429 983 ejus
457 895 692 961 admirationem
717 895 990 976 convertebantur,
1019 913 1056 960 ut
1083 895 1114 960 in
1151 896 1349 962 nobilissimis

247 998 382 1062 Homeri
398 998 538 1063 versibus
554 998 644 1063 Iliad.
660 1004 696 1062 Γ.
714 1001 785 1083 156.
826 997 924 1062 Simili
936 1013 1040 1063 autem
1057 996 1240 1085 metaphora
1252 1021 1350 1086 supra

247 1120 277 1164 v.
294 1119 365 1186 239.
381 1099 421 1164 de
436 1100 619 1188 Iphigenia:
644 1099 733 1181 ἔβαλ’
749 1102 877 1165 ἕκαστον
892 1100 1023 1182 θιαήρον
1044 1097 1093 1164 ἀπ’
1109 1102 1239 1181 ὄμματος
1258 1101 1349 1181 βέλει

248 1204 403 1288 φιλοίκτῳ.
427 1204 528 1266 SCH.

293 1336 367 1405 745.
389 1322 549 1385 Punctum
571 1335 642 1409 post
656 1325 883 1403 παρακλίνουσα
899 1320 994 1408 vulgo
1010 1325 1148 1409 positum
1168 1333 1240 1408 post
1258 1322 1349 1390 ἄνθος

249 1422 408 1487 transtulit
423 1423 588 1488 Stanleius.

290 1535 516 1621 παρακλίνονσ]
535 1537 710 1623 Deflaclena
728 1536 767 1599 ab
782 1535 887 1600 indole
906 1535 1027 1621 priore,
1043 1534 1080 1596 in
1096 1535 1192 1620 pejor
1213 1542 1345 1598 mutata.

248 1637 446 1717 παρακλίνασ’
464 1638 521 1773 ΙῗῚ.ὸ

291 1789 407 1871 πικρὰς]
431 1743 536 1868 πικροθ
553 1786 604 1850 Fl.
634 1785 748 1874 Eurip.
772 1785 863 1851 Med.
884 1785 976 1871 1388.
999 1788 1104 1866 πικρὰς
1123 1787 1265 1852 τελευτὰς
1287 1790 1347 1850 τῦν

248 1889 326 1968 έμῶν
342 1891 412 1952 lton
426 1889 539 1970 γάμον.
563 1890 738 1953 BLOMF.

292 2009 364 2086 746.
389 2006 539 2091 δύσεδρος]
555 2007 648 2070 Mula
663 2007 781 2070 vicina
802 2004 854 2070 cui
869 2003 1058 2069 contrarium
1078 2017 1125 2067 est
1143 2005 1260 2088 εὔεδροι
1268 2028 1346 2093 pro·

244 2109 348 2193 pilius
364 2106 469 2171 Theb.
484 2127 539 2190 94.
555 2130 626 2171 narn
642 2106 684 2170 sic
699 2106 775 2172 verti
791 2106 894 2171 debet.
918 2106 1092 2170 BLOMF.

293 2240 367 2307 747.
389 2225 615 2308 Πριαμίδαισιν]
640 2227 801 2290 Producta
822 2223 941 2311 syllaba
963 2223 1064 2310 prima
1090 2238 1126 2289 ut
1150 2223 1183 2287 in
1206 2222 1346 2289 versibus

247 2324 627 2512 dallydlmiivpodmavros
657 2429 786 2515 Ἐρινύς]
820 2429 953 2494 Flebilis
987 2449 1115 2514 οροποα,
1148 2449 1202 2491 aeu
1239 2427 1346 2514 potius

246 2531 382 2617 Erinys.
428 2533 551 2620 Nempe
564 2534 645 2616 Ἰλίῳ
661 2535 779 2615 αἰπεινᾷ
798 2531 892 2614 Πάρις
914 2531 949 2594 οὐ
966 2530 1074 2613 γάμον,
1088 2528 1171 2594 ἀλλά
1183 2528 1236 2593 τιν’
1247 2528 1346 2596 Ἀταν

242 2630 384 2716 Ἠγαγεν
406 2634 527 2698 εὐναίαν
553 2636 594 2702 είς
618 2633 770 2714 θαλάμους
787 2632 929 2710 Ἑλέναν,
952 2654 1025 2717 quoe
1045 2645 1092 2695 est
1111 2630 1346 2697 Andromachae

245 2733 372 2818 querela
390 2733 476 2819 apud
500 2734 611 2820 Eurip.
628 2733 731 2797 Andr.
751 2754 821 2818 103.
861 2732 1017 2798 Stanleiua
1039 2731 1147 2795 laudat
1162 2731 1250 2818 Virg.
1267 2734 1343 2799 AEn.

247 2853 277 2911 2,
295 2850 370 2918 573.
391 2836 500 2918 Τνιῄιο
524 2843 554 2898 el
576 2836 694 2920 patrica
717 2837 889 2899 communia
912 2836 1049 2920 Erinys.
1094 2833 1217 2899 Poteris
1240 2849 1344 2899 tamen

244 2951 363 3000 vertere
392 2936 617 3018 ννμφοκλαντὸς
644 2938 769 3023 sportam
797 2937 950 3024 defletrdu,
980 2950 1014 3000 ut
1042 2935 1128 3023 apud
1160 2937 1343 3016 Horatium,

241 3038 359 3123 proella
372 3039 562 3124 corpjagibrta
575 3039 739 3126 loquenda.
765 3039 940 3103 BLOMF.

288 3138 407 3221 Ἐρινύς
422 3140 474 3204 Fl.
496 3138 632 3223 Ἐριννύς
646 3140 752 3227 vulgo.

290 3257 363 3325 750.
378 3247 499 3323 βροτοῖς
514 3241 564 3306 Fl.
588 3247 649 3310 τοῖς
662 3246 783 3324 βροτοῖς
798 3240 904 3329 vulgo.
929 3243 967 3305 V.
982 3240 1023 3304 ad
1038 3262 1068 3306 v,
1083 3257 1156 3325 737.

288 3347 479 3427 παλαίφατος
500 3343 596 3426 γέρον
618 3344 721 3430 λόγος]
750 3347 840 3410 Vetus
860 3346 1075 3432 proverbium.
1107 3344 1250 3430 Choeph.
1268 3367 1343 3433 311.

246 3447 388 3529 δράσαντι
402 3451 509 3512 παθεῖν
522 3447 675 3529 Τριγέρων
688 3451 779 3527 μῦθος
793 3448 864 3512 τάδε
879 3454 983 3528 φονεῖ.
1016 3446 1161 3534 Sophocl.
1179 3447 1297 3513 Traeh.
1317 3469 1343 3512 1.

246 3550 409 3634 Λόγοςμέν
421 3548 482 3615 ἐστ’
493 3552 619 3634 ἀρχαῖος
629 3550 793 3631 ἀνθρώπων
801 3551 959 3632 φανείς-.
976 3548 1088 3637 Epigr.
1098 3549 1231 3615 Antbol.
1241 3551 1343 3616 Palat.

248 3670 279 3719 2.
300 3655 374 3737 629.
397 3657 466 3717 Πᾶν
485 3651 519 3715 τὸ
540 3651 676 3732 περιττὸν
695 3651 826 3732 ἄκαιρον,
854 3650 919 3713 ἐπεὶ
940 3652 1032 3731 λόγος
1052 3651 1117 3713 ἐστὶ
1135 3650 1272 3725 παλαιὸς,
1288 3649 1345 3719 Ὠς

246 3759 298 3818 τοῦ
317 3757 374 3833 μὲν
387 3754 508 3833 μέλιτος
529 3752 563 3816 τὸ
584 3752 682 3817 πλέον
704 3754 769 3817 ἐστὶ
786 3750 875 3835 χολή.
907 3751 1063 3817 Herodot.
1080 3769 1110 3833 7,
1125 3773 1178 3836 51.
1200 3755 1230 3820 ἐς
1251 3753 1345 3834 θυμὸν

246 3853 289 3918 ὦν
303 3859 402 3933 βαλεῦ
416 3855 464 3919 καὶ
478 3855 511 3917 τὸ
526 3854 657 3918 παλαιὸν
672 3854 754 3930 έπος,
769 3856 807 3920 ὡς
827 3855 859 3917 εὖ
875 3856 996 3935 εἴρηται,
1011 3853 1045 3916 τὸ
1061 3854 1101 3934 μὴ
1117 3854 1177 3933 ἅμα
1192 3855 1270 3940 ἀρχῇ
1284 3860 1345 3920 πᾶν

246 3955 334 4022 τέλος
350 3958 594 4037 καταφαίνεσθαι.
619 3957 748 4020 Terent.
765 3953 904 4040 Adelph.
919 3970 953 4041 5,
968 3975 1001 4040 3,
1020 3957 1068 4020 18.
1084 3978 1159 4021 nam
1174 3965 1264 4021 velue
1276 3978 1345 4021 ver-

247 4057 319 4122 bum
333 4058 389 4121 Ιιοο
402 4058 526 4145 quidem
541 4066 597 4134 eat,
615 4059 804 4121 Communia
818 4077 883 4120 aare
898 4059 1069 4121 amicorum
1083 4059 1166 4123 later
1180 4079 1212 4122 ιο
1226 4059 1344 4123 omniu.

247 4158 376 4224 Pindar.
393 4158 486 4222 Nem.
503 4179 535 4241 9,
554 4178 602 4243 13.
619 4159 685 4223 έστι
706 4160 740 4223 δέ
758 4184 802 4228 τις
823 4160 916 4240 λόγος
938 4161 1112 4241 ἀνθρώπων,
1127 4161 1346 4240 τετελεσμένον

248 4261 341 4327 ἐσλὸν
354 4261 395 4340 μὴ
409 4263 503 4342 χαμαὶ
517 4265 589 4344 σιγᾷ
605 4265 749 4343 καλύψαι.

292 4379 364 4448 754.
394 4363 583 4445 τεκνοῦσθαι]
612 4363 745 4426 Liberos
769 4383 947 4448 procreare.
982 4386 1023 4426 sc.
1051 4362 1259 4427 calamitates:
1286 4359 1343 4426 loci

246 4465 427 4531 sententiam
450 4486 576 4550 prorsus
597 4463 788 4549 protervidit
812 4461 977 4528 Stauleius.
1012 4463 1083 4530 Vid.
1100 4480 1174 4550 733.
1207 4462 1345 4550 Aptissi-
