2984 5054
290 350 667 417 ANNOTATIONES
690 351 759 415 AD
781 352 1112 418 CHOEPHORAS.
1188 356 1249 418 481

154 516 225 581 cidii
250 518 378 584 crimine
401 543 438 584 ac
464 541 558 608 poeua
583 543 615 585 se
639 519 804 586 liberatum
831 519 867 582 iri
891 541 1027 606 sperans.
1055 519 1154 584 scH.
1198 522 1250 585 De

154 635 292 708 tempore
312 621 409 710 hujus
429 621 547 688 fabulae
567 620 686 686 dictum
709 619 741 683 in
765 618 999 707 Prolegomenis
1020 620 1060 685 ad
1080 622 1251 708 Agamem·

154 742 275 786 nonu.

199 1026 225 1070 1.
243 1007 391 1094 Quinque
410 1008 527 1094 primos
542 1029 659 1084 versus,
674 1006 792 1094 quibus
804 1005 952 1071 carebant
965 1005 1048 1085 libri,
1063 1019 1126 1072 tam
1143 1007 1249 1094 scripti

152 1129 245 1193 quam
260 1108 411 1197 impressi,
425 1109 585 1197 supplerit
600 1111 756 1174 Canterus
770 1130 810 1172 ex
826 1106 991 1196 Aristoph.
1008 1109 1090 1173 Ran.
1107 1126 1200 1194 1157,
1216 1111 1248 1186 8,

152 1229 181 1292 9.
203 1227 294 1296 1203,
312 1231 344 1293 4
387 1211 531 1275 Primum
552 1233 676 1276 versum
698 1210 743 1274 ita
763 1209 987 1297 interpretatur
1009 1209 1249 1298 Aristophanes,

152 1310 211 1375 sub
225 1311 368 1399 rEschyli
389 1335 539 1399 persona;
567 1313 622 1376 τόν
635 1311 813 1394 Ἐριούνιον,
825 1310 939 1392 Ἑρμῆν
952 1314 1076 1395 χθόνιον
1091 1320 1247 1394 προσεῖπε,

151 1412 279 1492 κόδήλοο
298 1413 408 1496 λέγων,
421 1412 507 1495 ‘Orth
522 1419 660 1500 πατρῷον
681 1421 768 1480 τοῦτο
792 1414 927 1493 κέκτηται
948 1414 1048 1498 γέρας.
1074 1415 1128 1480 ubi
1149 1416 1247 1481 schol.

149 1513 213 1592 ήτσι
226 1519 278 1578 τοῦ
294 1517 364 1594 ἐμοῦ
379 1516 489 1598 πατρὸς
500 1515 646 1598 Ὀρέστης
660 1519 763 1599 φησὶν,
775 1515 793 1595 ῆ
805 1520 843 1581 τὸ
857 1514 920 1580 καθ’
938 1514 1009 1599 ᾅδου
1024 1517 1110 1600 λέγει
1124 1522 1248 1603 πατρῷα

151 1614 239 1696 κρότη
253 1621 305 1679 τοῦ
319 1614 440 1699 Ἑρμοῦ·
464 1620 529 1681 καθ’
545 1617 561 1681 b
577 1620 625 1695 καὶ
638 1621 760 1702 χθόνιος
774 1621 791 1681 ὁ
805 1616 926 1699 Ἑρμῆς,
943 1619 959 1679 ὁ
981 1618 1014 1681 ἐκ
1035 1618 1145 1699 πατρὸς
1167 1619 1247 1702 ἔχων

148 1718 201 1784 τὰς
216 1719 249 1781 ἐν
262 1722 302 1803 τῷ
318 1720 417 1804 κόσμῳ
431 1722 592 1799 βασιλείας
607 1722 764 1801 ἐπιτηρεῖν.
788 1718 965 1783 BLOMF.

189 1816 295 1906 Ἑρμῇ]
308 1818 417 1902 Ἑρμῆς
430 1822 551 1903 χθόνιος
564 1820 738 1896 invocatur,
753 1838 785 1886 et
800 1834 907 1908 postea
926 1820 967 1884 ab
980 1815 1117 1896 Electra,
1133 1831 1245 1907 utpote

147 1920 197 1984 cui
219 1923 333 1987 mortui
355 1945 440 1987 curae
453 1935 551 1988 erant.
598 1922 688 1986 Idem
704 1937 735 1987 et
750 1927 907 2003 πομπαῖος.
932 1918 1077 2006 Sophocl.
1095 1919 1152 2006 Aj.
1169 1921 1242 2006 831.

146 2027 227 2084 καλῶ
240 2020 265 2085 θ’
280 2023 341 2102 duc
354 2028 513 2103 Πομπαῖον
525 2023 638 2105 Ἑρμῆν
652 2026 787 2107 χθόνιον,
804 2023 836 2088 εὖ
850 2049 888 2102 με
904 2022 1042 2102 κοιμίσαι.
1068 2021 1242 2086 STANL.

189 2142 220 2207 3.
250 2123 478 2210 Aristophanes
504 2125 581 2191 ibid.
609 2125 775 2212 Euripidis
803 2147 967 2212 personam
996 2120 1161 2202 sustinens,
1187 2126 1244 2194 Δὶς

147 2224 252 2288 ταύτόν
273 2227 342 2305 ἡμῖν
362 2226 445 2290 εἶπεν
465 2229 481 2290 ό
505 2228 603 2309 σοφὸς
621 2224 902 2311 Αἰσχύλος-Ἥκω
926 2227 958 2290 δὲ
979 2225 1088 2288 ταύτόν
1113 2227 1179 2290 ἐστι
1201 2226 1242 2312 τῷ

147 2325 407 2410 κατέρχομαι.ααὶ
429 2327 597 2415 respondet
610 2328 793 2415 AEscbylua
812 2326 935 2392 Ἐλθεΐν
955 2328 1012 2406 μέν
1034 2328 1065 2395 ἐς
1087 2330 1144 2408 γῆν
1166 2325 1242 2406 ἔσθ’,

147 2425 204 2510 ότφ
217 2432 291 2514 μετῇ
304 2428 427 2511 πάτρας·
449 2431 547 2512 Χωρὶς
561 2433 618 2512 γὰρ
634 2431 730 2508 ἄλλης
743 2427 895 2510 ξυμφορᾶς
911 2427 1047 2507 ἐλήλυθε.
1074 2429 1201 2509 Φεύγσν
1215 2426 1239 2492 δ’

145 2527 220 2609 όνῆρ
232 2531 296 2608 ήκει
310 2556 343 2595 τε
358 2533 407 2596 καὶ
422 2530 604 2615 κατέρχεται.
628 2532 801 2596 BLOMF.

188 2632 243 2715 εἰς]
262 2631 360 2697 Scrib.
377 2635 415 2701 ἐς.

186 2752 218 2814 4.
234 2735 323 2821 τῷδε]
340 2733 410 2798 τόδε
424 2734 474 2798 vel
488 2735 558 2800 τόδε
571 2761 608 2818 γε
623 2734 845 2822 Aristophanis
859 2733 929 2797 libri
944 2733 1125 2799 deteriores.

185 2848 217 2918 5.
241 2836 351 2909 κλύειν,
367 2836 503 2921 ἀκούσαι]
519 2836 748 2924 Aristophanes
769 2835 845 2899 ibid.
861 2840 925 2901 E'l‘.
939 2834 1018 2900 τοῦθ’
1034 2836 1138 2917 ἕτερον
1157 2836 1240 2907 αὖθις

142 2934 236 3016 λέγει,
258 2937 525 3011 maciomanum,
548 2939 657 3002 ταύτὸν
678 2938 714 3003 όν
736 2937 923 3021 σαφέστατα.
947 2943 1031 3002 ΔΙΟ.
1054 2940 1239 3020 Τεθνηκόσιν

143 3039 201 3118 γὰρ
216 3035 332 3119 ἔλεγεν,
348 3037 517 3122 ὦμσχθηρὲ
532 3042 579 3117 σύ,
596 3042 652 3107 Οἷς
665 3040 734 3105 crib}
747 3040 809 3120 τρὶς
823 3039 967 3121 λέγοντες
982 3040 1184 3118 ἐξικνούμεθα.

187 3141 216 3203 6.
234 3159 264 3222 7.
287 3141 359 3204 Hos
380 3164 488 3206 versus
509 3141 666 3228 supplevit
690 3139 847 3205 Stanleius
868 3163 906 3204 ex
930 3139 1094 3204 scholiasta
1108 3141 1238 3206 Pindari

142 3240 181 3305 ad
198 3241 294 3328 Pyth.
310 3264 344 3323 4,
360 3261 429 3326 145.
446 3244 494 3306 καὶ
508 3243 575 3324 παρ’
591 3245 744 3327 Αἰσχύλῳ,
758 3244 914 3322 πλόκαμον
927 3240 1035 3326 Ἰνάχῳ
1051 3242 1235 3323 θρεπτήριον,

141 3342 206 3407 Τὸν
224 3345 361 3425 δεύτερον
379 3345 412 3407 δέ
433 3347 519 3409 τόνδε
540 3343 746 3423 πενθητήρων,
760 3342 906 3423 Ὀρέστης
929 3343 1004 3423 φησὶ
1026 3344 1065 3426 τῷ
1087 3341 1236 3424 Ἀγαμέμ-

141 3468 218 3509 νονι.
248 3452 269 3482 “
281 3447 354 3523 Quo
366 3446 403 3508 lit
419 3459 455 3509 ut
469 3447 561 3531 plura
574 3444 766 3509 intercidisse
779 3443 974 3529 suspicemur
988 3465 1082 3526 quam
1100 3445 1237 3508 Cantero

140 3543 240 3609 visum
255 3559 313 3623 est,
325 3545 379 3630 qui
396 3545 583 3633 principium
598 3544 759 3632 tragoediae
773 3544 838 3607 fere
853 3557 955 3605 totum
969 3542 1010 3606 ab
1022 3542 1236 3628 Aristophane

139 3663 355 3713 conservatum
376 3661 489 3712 censet.
533 3648 655 3712 Tribus
670 3647 751 3710 enim
766 3644 908 3731 partibus
922 3643 1085 3706 constabat
1099 3642 1149 3706 hic
1166 3667 1235 3730 pro-

139 3746 248 3834 logus:
273 3752 400 3815 Orestes
413 3751 571 3816 tumulum
585 3749 735 3815 accedens
749 3744 944 3812 Mercurium
968 3743 1070 3830 primo
1092 3744 1232 3809 invocat:

140 3850 221 3928 dein,
244 3852 399 3916 caesariem
420 3852 602 3929 detondens,
625 3874 661 3914 ac
681 3847 804 3914 tumulo
826 3847 999 3931 imponens,
1020 3847 1234 3929 Agamemno·

138 3971 227 4016 nem:
263 3952 510 4039 ingredientibus
531 3951 658 4016 demum
681 3951 776 4014 choro
798 3962 829 4011 et
851 3947 988 4023 Electra,
1008 3947 1185 4024 retrocedit,
1204 3963 1235 4011 et

139 4052 291 4137 Pyladem
314 4051 513 4138 alloquitur.''
536 4053 664 4116 Sraun.
703 4049 848 4114 Erfurdt.
872 4048 913 4111 ad
937 4045 1083 4132 Sophocl.
1105 4047 1157 4110 El.
1180 4066 1234 4132 50.

138 4151 275 4238 supplet,
289 4175 329 4215 ex
338 4153 531 4239 conjectura,
549 4152 646 4236 (φέρω
662 4155 709 4234 δὲ)
726 4153 890 4229 πλόκαμον.
915 4150 1088 4213 BLOMF.

181 4255 211 4315 6.
248 4253 401 4333 πλόκαμος
429 4251 538 4337 Ἰνόχιρ
574 4252 757 4336 θρεπτήριος]
789 4252 901 4316 crinis
930 4250 1048 4313 Inacho
1080 4251 1234 4314 nutritas.

138 4352 251 4439 Eurip.
268 4342 383 4418 Bacch.
396 4374 473 4438 494.
494 4352 588 4435 Ἱερὸς
609 4355 625 4415 ὁ
648 4356 811 4432 πλόκαμος·
833 4354 873 4435 τῷ
896 4355 953 4436 θεῷ
976 4350 999 4413 δ’
1016 4349 1107 4414 αὐτὸν
1124 4348 1233 4431 τρέφοι.

137 4452 326 4517 Eustathius
339 4454 380 4518 ad
396 4455 437 4517 Il.
453 4460 486 4517 B.
500 4476 519 4516 a
535 4453 673 4517 Stauleio
687 4452 843 4529 laudatus,
860 4450 956 4516 tradit
971 4452 1101 4515 Graecos
1114 4472 1235 4552 comam
