2984 5054
240 339 306 407 394
600 336 978 401 ANNOTATIONES

242 516 408 588 corruptus
432 501 616 588 Supplicum
639 502 735 580 locus,
750 524 844 589 quem
862 503 923 566 buo
946 501 1052 566 retulit
1074 500 1240 566 Dobraeus.
1280 499 1341 561 Est

242 618 348 668 autern
371 603 458 666 istius
479 602 595 668 fabulae
617 627 648 667 v.
666 623 741 688 439.
759 604 807 668 καὶ
819 603 969 687 χρήμασιν
982 606 1039 683 μὲν
1055 604 1087 666 ἐκ
1102 604 1199 682 δόμων
1213 605 1337 681 πορθου·

243 705 341 786 μένων
358 704 450 785 'Arna
472 732 508 787 γε
528 707 615 785 μείζω
638 708 686 770 καὶ
706 704 773 787 μέγ’
790 706 945 786 ἐμπλήσας
961 708 1065 786 γόμον,
1081 702 1192 768 Γένοιτ’
1207 702 1244 766 δν
1259 704 1342 766 ἄλλο

245 810 364 886 κτησίου
389 808 463 874 Διὸς
487 808 584 890 χάρις.
623 809 684 870 Est
707 822 810 870 autem
835 810 926 889 γόμος
949 829 1030 870 onus
1055 809 1157 868 navia.
1196 804 1296 890 Angl.
1320 825 1342 866 α

243 932 350 996 carga.
373 909 445 973 Vid.
458 912 502 973 H.
519 909 619 972 Vales.
635 909 666 972 in
683 911 838 996 Harpocr.
852 932 882 995 p.
903 929 971 994 139.
997 905 1213 971 Conferendus
1228 905 1344 993 Diphi-

244 1011 294 1074 lus
313 1035 364 1099 ap.
382 1013 502 1076 Athen.
520 1033 548 1094 7.
564 1036 594 1099 p.
613 1030 687 1098 292.
703 1015 746 1076 A.
761 1011 780 1092 ἢ
794 1011 894 1094 φορτί’
911 1010 1042 1093 ἐξέρριψ’
1057 1009 1241 1090 ὑπέραντλος
1256 1012 1342 1090 γενό·

243 1139 341 1193 μενος.
365 1115 540 1178 BLOMF.

291 1235 385 1295 1014.
410 1216 617 1279 Frumentum
633 1215 748 1279 dicitnr
762 1219 865 1278 πολλὰ
885 1217 966 1282 δόσις
988 1216 1021 1277 ἐκ
1037 1214 1119 1287 Διός,
1137 1213 1217 1276 utin
1235 1211 1340 1275 Theb.

245 1332 319 1401 354.
334 1321 435 1381 πολλὰ
450 1323 504 1399 γᾶς
519 1320 610 1384 δόσις.
634 1318 809 1381 BLOMF.
847 1318 880 1379 ἐκ
894 1339 955 1379 om.
973 1318 1017 1378 T.

290 1433 383 1502 1015.
400 1422 447 1482 καὶ
463 1419 506 1504 ἐξ]
523 1418 579 1497 κὰξ
593 1418 643 1483 Fl.

291 1523 384 1585 1016.
405 1526 508 1600 νῆστιν
522 1522 639 1585 ὤλεσεν
655 1519 759 1605 νόσον]
783 1521 812 1583 I.
827 1543 854 1584 e.
869 1519 958 1599 λιμὸν
973 1518 1175 1592 διεσκέδασεν,
1194 1531 1229 1581 ut
1243 1516 1341 1603 expli·

243 1636 293 1686 cat
307 1622 481 1687 scholiasta.

293 1726 384 1788 1018.
411 1723 534 1789 πεσόνθ’
567 1726 691 1808 (πεσὸν,
707 1723 869 1803 Pauwius)
901 1724 991 1807 ἅπαξ]
1027 1718 1232 1785 Scribendum
1263 1720 1341 1798 ἅπαξ

244 1826 341 1889 πεσὸν
355 1848 425 1889 cum
441 1827 590 1889 Porsono.

293 1945 384 1993 1020.
400 1925 587 2011 προπάροιθ’]
602 1923 719 2007 πρόπαρ
734 1926 762 1988 F
764 1925 786 1988 l.

290 2030 333 2094 τίς
348 2028 386 2091 ἂν
400 2029 492 2091 πάλιν
507 2029 588 2111 ἀγκ]
606 2029 650 2094 τίς
663 2025 688 2090 τ’
704 2027 772 2108 ἀγκ.
788 2029 831 2091 Τ.
846 2026 960 2090 omisso
974 2025 1078 2090 πόλιν.

293 2149 384 2209 1024.
407 2130 482 2196 Ζεὺς
497 2129 558 2193 αὖτ’
581 2130 711 2194 ἔπαυσεν
727 2131 805 2210 (οὔτ’
821 2127 924 2193 έπαυσ’
942 2129 992 2192 Fl.
1009 2129 1068 2212 T.)
1086 2125 1130 2191 ἐπ’
1146 2127 1289 2210 εὐλαβείᾳ
1303 2153 1341 2207 γε

248 2233 297 2312 (γε
317 2254 379 2294 orn.
400 2231 481 2317 Flu]
503 2234 620 2295 Versus
641 2231 829 2317 ineptissime
850 2229 1064 2316 interpolatus.
1097 2228 1202 2292 Auxit
1223 2228 1338 2292 malum

246 2331 417 2398 Triclinius
437 2335 581 2419 εὐλαβείᾳ
602 2333 633 2396 in
652 2335 805 2418 δβλαβείμ
828 2333 991 2410 mutando,
1006 2331 1045 2396 ad
1062 2355 1155 2417 quam
1178 2329 1338 2395 lectionem

244 2449 362 2522 spectat
385 2435 533 2514 scholion,
548 2436 601 2499 τὸν
618 2434 804 2516 Ἀσκληπιὸν
825 2439 883 2516 γδρ
906 2437 1108 2517 ἐκεραύνωσεν
1129 2432 1341 2512 όναστήσαντο

243 2538 297 2601 τὸν
311 2537 501 2616 Ἱππόλυτον,
514 2536 593 2602 'dore
607 2538 648 2617 μὴ
661 2542 825 2618 βλαβῆναι.

292 2658 513 2725 1025-1034.
530 2642 645 2703 Sensus
660 2639 772 2703 horum
788 2658 933 2700 versuum
950 2636 1000 2699 bic
1014 2648 1072 2713 est,
1085 2635 1143 2698 uisi
1157 2637 1234 2699 fines
1248 2660 1266 2699 a
1281 2637 1341 2700 diis

245 2740 417 2826 praescripti
434 2763 483 2803 me
497 2739 707 2803 cohibuissent
722 2761 761 2802 ne
776 2740 853 2801 fines
867 2760 952 2800 meos
967 2736 1048 2801 ultra
1070 2738 1250 2823 proferrem,
1268 2762 1340 2802 sane

245 2840 313 2904 haec
332 2840 433 2926 palam
450 2841 607 2925 professus
621 2863 727 2903 essem.
772 2842 802 2902 N
807 2861 867 2902 tino
883 2838 973 2902 tacite
992 2860 1080 2901 mens
1092 2856 1224 2902 vexatur
1238 2862 1340 2924 neque

245 2941 420 3028 quidquam
452 2940 546 3004 fausti
583 2941 780 3026 proditurum
812 2963 877 3004 esse
909 2955 1023 3025 sperat,
1056 2955 1140 3003 metu
1178 2941 1338 3004 concitata.

246 3042 479 3107 KLAUSEN.

292 3163 384 3227 1027.
401 3146 478 3207 Post
494 3142 597 3225 φέρειν
612 3142 727 3206 excidit
743 3164 873 3205 comma.

292 3265 384 3330 1030.
399 3245 506 3326 βρέμει
521 3243 673 3322 ἐλπομένο
688 3244 731 3306 Τ.
747 3242 856 3306 mediis
870 3244 997 3307 omissis.

292 3365 384 3431 1035.
407 3345 505 3410 Redit
521 3344 760 3432 Clytaemnestra
781 3344 812 3407 in
835 3368 955 3409 scenam
972 3348 1225 3433 Casandramque
1245 3372 1338 3433 curru

243 3449 431 3514 descendere
445 3464 540 3534 atque
554 3447 681 3511 introire
690 3446 792 3532 jubet.
817 3448 917 3511 SCH.

292 3555 383 3637 1036.
399 3552 558 3636 ἀμηνίτως]
576 3553 727 3631 ἆμηνίτοις
742 3553 885 3615 Auratus
898 3551 1076 3636 conjectura
1090 3552 1252 3637 probabili.

291 3655 384 3739 1038.
408 3656 527 3734 κτησίου
548 3652 664 3737 βωμοῦ]
687 3654 813 3730 κτήσιος,
830 3654 933 3715 Penas
952 3651 1002 3715 vel
1022 3654 1211 3719 Panaetius.
1250 3656 1341 3717 Jovis

246 3756 365 3821 titulus.
401 3757 513 3841 Suppl.
538 3775 611 3836 940.
635 3755 756 3833 κτησίου
779 3754 851 3820 Διὸς
874 3753 972 3835 χάριν.
1007 3755 1211 3838 “Dionysius
1233 3757 1286 3820 lib.
1312 3777 1339 3819 1.

246 3861 332 3923 Deos
344 3871 470 3943 penates
483 3880 502 3918 a
518 3855 638 3919 Graecis
653 3853 854 3939 scriptoribus
868 3854 929 3917 dici
945 3854 1049 3918 scribit
1064 3857 1176 3942 partim
1194 3861 1339 3937 κτησίους,

245 3958 357 4046 partim
375 3957 513 4037 ἑρκείους,
530 3954 692 4041 πατρῴους,
706 3957 838 4037 μυχίους.
863 3955 924 4018 Sed
940 3956 994 4021 lib.
1006 3961 1035 4021 8.
1051 3982 1083 4045 p.
1096 3980 1144 4044 15.
1160 3961 1237 4024 lares
1252 3975 1339 4023 vocat

246 4060 331 4126 θεοὺς
353 4061 495 4136 κτησίους.
535 4057 616 4120 Inde
638 4071 696 4134 est,
719 4056 804 4142 quod
827 4056 860 4119 in
883 4058 960 4122 cella
979 4062 1128 4147 penuaria
1147 4063 1342 4126 statuebatur

245 4161 314 4249 ejus
329 4159 527 4223 simulacrum
538 4189 547 4237 3
572 4180 642 4221 narn
659 4157 689 4220 iu
701 4157 777 4220 cella
788 4159 922 4242 reposita
934 4178 1006 4226 sunt
1018 4163 1172 4239 utensilia,
1184 4165 1203 4242 ἡ
1214 4161 1340 4239 κτῆσις.”

247 4264 294 4326 Η.
311 4259 413 4324 Vales.
428 4259 458 4321 in
477 4261 631 4344 Harpoor.
647 4281 678 4344 p.
698 4278 767 4324 120.
806 4263 895 4347 Apte
909 4279 1012 4328 autem
1029 4264 1178 4329 dicuntur
1192 4263 1271 4326 servi
1286 4263 1341 4326 ad·

246 4382 325 4429 stare
340 4364 362 4425 J
364 4360 430 4424 ovis
447 4360 543 4424 Ctesii
557 4383 630 4436 arae,
646 4384 718 4446 quae
740 4362 771 4424 in
794 4363 870 4427 cella
893 4369 1043 4452 penuaria
1056 4365 1197 4431 collocari
1213 4364 1340 4429 solebat.

246 4468 403 4551 Harpocr.
422 4461 550 4540 Κτήσων
565 4464 625 4525 Δία
641 4465 674 4526 ἐν
690 4470 750 4529 τοῖς
765 4466 894 4544 ταμείοις
908 4470 1032 4548 ἵδρυντο.
1072 4467 1248 4547 Μένανδρος
1267 4472 1340 4538 *leuc
