2984 5054
531 363 600 426 AD
623 361 955 429 CHOEPHORAS.
1228 367 1293 431 457

235 542 312 610 302.
327 528 464 612 πολίτας]
480 528 628 617 Argivos.

234 646 311 713 304.
335 631 419 692 δνοῖν
442 630 610 714 γυναικοῖν]
634 630 760 695 Aoerbe
780 630 922 696 dictum:
953 652 992 695 ue
1011 633 1131 717 Argivi
1153 631 1291 695 άιιατνιοι

190 730 361 794 mulierum
376 731 518 818 AEgisthi
531 747 563 797 et
578 733 828 820 Clytaemnestrae
842 735 977 819 imperio
989 734 1121 798 ςιιθςίπί.
1146 734 1247 798 SCH.

233 846 308 917 305.
332 831 438 911 θήλεια
451 837 510 915 γάρ
524 833 619 919 φρὴν]
637 834 719 898 Hoec
736 834 777 897 ad
800 833 900 898 solum
919 832 1101 919 AEgisthum
1123 833 1291 920 pertinent.

190 933 366 1001 Μαίῖαθιῖτ
383 939 468 1000 em'm
487 946 534 1000 est
551 951 582 1001 et
604 936 737 1024 ignavus
758 937 851 1000 etiam
868 935 1008 1023 AEgisthi
1021 939 1171 1009 απῖοιειςς
1194 951 1290 1014 certe,

190 1055 237 1098 απ
257 1037 346 1100 leand
366 1039 414 1102 ῖία
432 1040 486 1115 ait,
505 1061 579 1102 maa
599 1041 667 1125 ι’ριε
688 1038 925 1126 eaperietur‚si
948 1061 1020 1102 cum
1045 1061 1083 1102 eo
1108 1061 1292 1125 congressus

191 1135 293 1201 fuero.
317 1139 419 1204 SCH.
465 1139 558 1203 conf.
578 1139 674 1227 Soph.
690 1140 809 1205 Electr.
825 1162 900 1227 301.
920 1143 937 1203 ὁ
956 1138 1041 1204 πάντ’
1057 1141 1180 1207 ἄναλκις
1196 1142 1292 1218 οὗτος,

192 1238 212 1318 ᾗ
225 1243 310 1303 πάσα
322 1240 439 1321 βλάβη,
450 1244 467 1304 ά
483 1241 540 1306 σὺν
554 1244 669 1324 γυναιξὶ
679 1247 732 1310 τάς
744 1242 843 1326 μάχας
852 1243 1034 1321 ποιούμενος.
1053 1243 1289 1307 KLAUSEN.

193 1343 309 1406 εἴσεται
336 1341 560 1429 significatione
582 1344 716 1430 passiva,
738 1347 867 1422 scietur,
892 1344 1011 1430 accepit
1037 1343 1224 1409 Erfurdtius
1248 1344 1290 1409 ad

195 1441 293 1529 Soph.
309 1443 389 1507 OEd.
405 1445 448 1509 Τ.
464 1464 557 1531 1499.
572 1444 622 1508 ed.
638 1445 711 1508 min.

235 1560 310 1629 307.
333 1548 490 1631 τελευτᾶν]
514 1547 657 1611 8111)αοάί
672 1549 805 1630 εὔχομαι.
822 1545 883 1631 [vel
898 1547 993 1630 δότε].
1015 1550 1191 1627 μεταβαίνει
1205 1571 1291 1626 vero,

193 1647 444 1734 iramgreditur,
459 1670 498 1711 ex
513 1647 572 1712 hnc
586 1663 675 1736 parte
689 1648 721 1711 in
736 1647 832 1711 illam.
857 1648 1031 1711 BLOMF.

235 1768 310 1835 309.
333 1751 401 1814 άντὶ
417 1753 486 1836 μὲν]
504 1753 643 1817 Justitia
657 1752 805 1816 nimirum
820 1771 941 1838 magna
955 1771 1037 1828 voce,
1052 1751 1198 1826 debitam,
1214 1750 1245 1815 h.
1262 1775 1290 1817 e.

187 1849 245 1937 jus
257 1851 391 1930 talionis,
406 1855 538 1941 erigam
552 1855 685 1918 clamat:
708 1853 944 1917 maledicentia
953 1853 1182 1933 maledicentia,
1194 1854 1292 1919 cades

192 1953 272 2016 οεοθί
286 1966 468 2040 reponatur.
493 1958 592 2021 SCH.

235 2055 304 2140 μὶν]
318 2060 377 2138 γὲν
392 2057 476 2123 Rob.

238 2159 347 2241 ἐχθρᾶς
365 2161 521 2245 γλάσοης]
541 2162 632 2240 Haec,
648 2177 685 2227 ut
698 2161 843 2239 arbitror,
859 2162 1130 2249 Clytaemnestram
1146 2174 1292 2250 tangunt,

193 2281 268 2346 quae
281 2259 462 2326 cn‘minibus
476 2262 508 2326 in
523 2263 671 2328 maritum
685 2263 832 2351 conjectis
845 2265 914 2351 ejus
927 2264 1044 2328 coedem
1066 2287 1215 2329 excusare
1233 2289 1290 2330 cu-

193 2359 308 2446 piebat.
355 2362 406 2427 Sic
433 2366 550 2451 Agam
575 2389 604 2429 v.
635 2382 725 2450 1425.
755 2389 823 2452 sqq.
851 2364 1026 2452 Iphigeniae
1051 2365 1233 2431 sacrificium
1260 2383 1293 2433 et

194 2485 225 2526 v.
248 2483 338 2550 1449.
362 2466 547 2533 Cassandroe
568 2467 760 2532 connubium
782 2482 907 2532 mortuo
929 2469 1159 2555 Agamemnoni
1180 2493 1292 2556 expro-

194 2565 315 2632 brabat.
338 2568 438 2634 SCH.

237 2688 312 2755 311.
327 2671 404 2756 δίκη]
420 2673 499 2753 δίκης
514 2672 621 2738 Guelf.
637 2672 714 2737 Ald.
737 2675 821 2754 δίκηα
837 2676 888 2738 Μ.
910 2676 993 2756 δίκην
1008 2677 1050 2740 R.

236 2771 303 2855 μέγ’
319 2772 417 2859 άϋτεῖ]
432 2774 556 2857 μίγαυτι
570 2776 621 2840 Μ.
636 2774 793 2863 adscripto
807 2777 839 2840 in
855 2777 994 2866 margine
1016 2777 1097 2860 οἶμαι
1117 2775 1183 2860 μέγ’
1199 2778 1291 2843 aare.

193 2873 319 2957 μίγαντι
333 2874 419 2940 Rob.

237 2997 312 3064 313.
336 2979 479 3060 δράσαντι
503 2979 622 3064 παθεῖν]
646 2981 745 3044 Vetus
768 2981 967 3067 proverbium
997 2981 1153 3065 (τριγέρων
1176 2987 1291 3065 μῦθος).

195 3080 319 3167 Nempe
339 3080 409 3168 lege
431 3080 553 3146 talionis
569 3081 656 3146 nulla
670 3082 720 3147 lex
735 3083 898 3147 vetustior.
920 3083 1056 3148 Aristot.
1071 3083 1150 3148 Eth.
1166 3086 1289 3150 Niaom.

194 3198 227 3269 5,
244 3204 275 3268 5.
299 3185 393 3248 καίτοι
413 3186 581 3263 βούλονταί
598 3211 635 3267 γε
658 3188 702 3270 (ol
721 3187 935 3268 Πυθαγόρειοι)
956 3193 1043 3251 τοῦτο
1063 3187 1168 3268 λέγειν
1190 3189 1290 3252 καὶτὸ

194 3283 415 3366 Ῥαδαμάνθυος
428 3289 550 3352 δίκαιον
575 3291 646 3352 Εῖκε
661 3288 751 3352 πάθοι
764 3287 802 3350 τά
816 3286 840 3352 κ’
857 3289 949 3370 ἔρεξε,
958 3291 1022 3368 δίκη
1035 3287 1058 3352 κ’
1072 3292 1149 3352 ίθεῖα
1163 3289 1291 3370 γένοιτο.

195 3389 311 3453 Noster
324 3389 437 3476 fragm.
452 3389 513 3455 inc.
526 3410 552 3454 1.
571 3391 725 3472 Δράοαντι
739 3391 797 3473 γάρ
811 3417 857 3456 τοι
868 3392 916 3455 καὶ
929 3395 1037 3455 παθεῖν
1051 3392 1218 3472 ὀφείλεται,
1230 3392 1289 3467 vel,

195 3506 231 3556 ut
247 3491 379 3557 Grotius
392 3491 423 3555 in
440 3491 618 3578 Εποςτρῑὶο,
632 3497 682 3580 Τῷ
701 3492 760 3575 γάρ
774 3518 803 3557 τι
816 3497 921 3574 δρῶντι
935 3493 983 3556 καὶ
1002 3497 1110 3556 παθεῖν
1124 3493 1289 3572 ὀφείλεται,

193 3592 244 3658 vel
265 3592 402 3681 denique
423 3609 459 3659 ut
480 3592 577 3659 schol.
593 3593 724 3658 Pindar.
740 3595 832 3659 Nem.
848 3615 881 3676 4,
893 3608 947 3679 51.
969 3593 1034 3658 Τὸν
1051 3593 1164 3675 δρῶντά
1185 3597 1243 3658 ποθ
1263 3621 1292 3660 τι

196 3696 244 3761 καῖ
265 3701 373 3763 παθεῖν
392 3698 556 3780 ὀφείλεται.
602 3695 730 3762 Pindari
748 3696 843 3760 verba
864 3707 947 3773 sunt,
964 3695 1029 3760 ἐπεὶ
1048 3694 1173 3777 ῥέζοντά
1193 3722 1222 3760 τι
1244 3697 1292 3760 καὶ

196 3804 304 3865 παθεῖν
326 3799 431 3874 ἔοικεν,
453 3799 538 3863 unde
558 3797 720 3886 interpres,
736 3799 913 3864 memoriter
934 3797 1042 3876 citans,
1059 3797 1205 3885 AEsahyli
1222 3819 1290 3860 ver-

196 3925 263 3968 sum
287 3901 452 3990 paululum
473 3901 622 3987 corrupit.
644 3902 762 3988 Agnm.
777 3920 869 3986 1540.
891 3902 1004 3981 Μίμνει
1024 3901 1057 3964 δὲ
1078 3900 1236 3980 μίμνοντος
1258 3901 1293 3964 ἑν

195 4006 293 4090 χρόνῳ
309 4005 419 4090 (θρόνῳ
434 4003 617 4085 Elmsleius)
635 4006 719 4084 Διός,
737 4003 744 4091 Ι
762 4008 870 4068 παθεῖν
886 4002 937 4066 τὸν
958 4000 1091 4085 ἔρξαντα.
1115 4002 1202 4065 Pers.
1218 4001 1290 4066 818.

194 4107 310 4191 Τοίγαρ
333 4114 427 4176 κακῶς
448 4107 620 4190 δράσαντες,
640 4107 693 4170 οὔκ
715 4105 872 4171 ἐλάσσονα
889 4103 1058 4187 Πάσχονοι.
1076 4101 1222 4190 Sophocl.
1239 4102 1291 4167 El.

199 4215 291 4278 1026.
308 4210 397 4279 Είκάς
419 4213 477 4292 γὰρ
499 4210 693 4292 ἐγχειροῦντα
713 4208 761 4273 καὶ
775 4206 924 4289 πράσσειν
939 4211 1042 4280 κακῶς,
1059 4204 1113 4269 ubi
1128 4202 1293 4269 scholiasta

195 4308 269 4375 citat
295 4310 424 4376 Pindari
448 4309 562 4375 locum.
609 4311 759 4374 Ceterum
783 4306 885 4373 nescio
909 4329 950 4371 an
973 4321 1101 4394 praestet
1129 4305 1291 4387 δράσαντα.

198 4410 372 4478 BLOMF.

714 4531 734 4595 3
751 4532 778 4574 ιι
