2984 5054
264 345 330 411 572
628 343 1005 408 ANNOTATIONES

397 513 444 574 καὶ
459 513 576 592 Μοίρας
591 512 639 574 καὶ
654 513 753 592 Κῆρας
768 511 904 591 ἐγείνατο
920 511 1140 589 νηλεοποίνους.

268 612 351 675 Cum
367 634 433 698 quo
447 634 537 675 versu
554 634 713 699 compares
728 633 824 697 supra
838 635 867 674 v.
881 629 955 696 321.
979 611 1167 674 WAKEF.

312 716 386 798 963.
409 714 677 798 δαίμονες-θεῶν]
701 715 783 777 Hoec
806 713 957 777 sententia
973 712 1141 777 mirum'in
1163 711 1292 775 modum
1307 709 1367 774 ob-

268 830 410 880 scuratur
431 814 683 903 interpunctione
706 814 839 902 vulgari,
855 837 920 900 qus
940 828 1011 902 post
1031 817 1195 897 ἐπιβριθεῖς
1213 826 1369 877 commate

267 917 483 1005 distinguitur,
499 918 584 1004 quod
601 934 706 982 autem
722 918 863 1004 sequitur
879 919 1003 984 ἐνδίκοις
1018 919 1146 998 ὁμιλίαις
1160 937 1230 980 cum
1254 913 1368 978 ultimo

267 1019 419 1084 versiculo
431 1020 643 1107 conjungitur.
690 1022 761 1083 lmo
774 1041 895 1083 comms
916 1033 987 1108 post
1009 1022 1171 1101 ἐπιβριθεῖς
1192 1015 1368 1081 tollendum

267 1145 304 1186 nc
325 1136 397 1209 post
417 1123 541 1189 ἐνδίκοις
564 1123 693 1202 ὁμιλίαις
715 1120 837 1208 plenius
851 1119 1106 1208 distinguendum
1122 1134 1180 1185 est.
1225 1121 1296 1197 Qua
1318 1141 1367 1182 ra-

270 1223 353 1288 tione
379 1237 499 1288 servata
528 1247 636 1288 sensus
664 1223 762 1288 oritur
788 1221 982 1310 aptissimus:
1012 1222 1127 1286 Odeae
1143 1222 1311 1307 justitium
1337 1229 1368 1283 et

266 1325 374 1414 legum
399 1328 539 1413 rigorem
563 1335 671 1390 scescle
691 1326 902 1403 observanter,
926 1346 1046 1390 omnem
1068 1325 1193 1389 ἀοαιιιπι
1215 1344 1254 1386 ec
1275 1344 1367 1408 cequo

267 1429 450 1506 invisentes,
468 1427 543 1510 (scil.
560 1427 601 1492 ab
615 1427 700 1491 omni
715 1427 851 1514 partium
868 1426 972 1491 studio
986 1448 1114 1512 prorsus
1128 1423 1248 1506 slienae)
1264 1424 1365 1486 onzni-

268 1552 327 1618 quc
342 1538 478 1617 tempore
487 1531 584 1616 justo
598 1551 723 1594 accessu
737 1530 905 1608 c'rrscerrtes,
920 1530 1048 1592 omnino
1069 1537 1172 1592 autem
1195 1525 1369 1590 honoratis-

268 1631 354 1696 simae
368 1632 509 1696 deorum.
540 1631 593 1696 Cf.
609 1654 705 1718 supra
720 1654 748 1694 v.
764 1649 838 1715 312.
850 1653 920 1716 sqq.
945 1631 1044 1694 SCH.
1079 1627 1232 1693 Deleatur
1245 1648 1368 1692 comma

268 1749 339 1819 post
354 1737 526 1815 ἐπιβριθεῖς,
542 1748 678 1822 ponatur
692 1749 762 1819 post
777 1733 914 1812 ὁμιλίαις.

312 1839 386 1919 964.
401 1835 581 1920 μετάκοινοι]
595 1835 767 1917 μεγὸκοιναι
781 1836 833 1898 Μ.
851 1836 924 1898 Pur.
942 1833 1019 1898 Ald.
1035 1833 1118 1898 Rob.

312 1939 386 2019 967.
400 1936 507 2020 παντᾶ]
523 1937 621 2001 πάντα
635 1935 715 2000 libn'.

312 2054 386 2119 970.
401 2036 531 2119 πειθοῦς]
547 2035 752 2100 Scribendum
768 2040 898 2103 Πειθοῦς
911 2034 1001 2101 liters
1015 2037 1195 2123 majuscula.

312 2153 386 2222 973.
412 2137 486 2203 Ζεὺς
508 2135 663 2221 ἀγοραῖος]
686 2137 873 2222 Epithetum
889 2137 1103 2225 compluribus
1116 2137 1176 2202 diis
1190 2159 1367 2214 commune,

269 2252 336 2301 tum
360 2234 517 2324 praecipue
538 2236 587 2317 iis,
603 2237 658 2323 qui
680 2240 772 2301 rebus
795 2238 970 2303 forensibus
989 2255 1020 2304 et
1040 2238 1195 2304 facundiae
1215 2253 1368 2324 praesunt,

268 2361 334 2425 quo
349 2361 439 2402 sensu
463 2337 502 2402 de
520 2340 603 2402 Jove
624 2338 860 2427 intelligendum
884 2341 943 2405 hoc
964 2343 1043 2406 loco.
1081 2339 1224 2414 Accedit,
1240 2339 1326 2425 quod
1350 2363 1369 2403 a

269 2440 442 2505 Plutarcho
456 2441 495 2505 de
516 2440 609 2527 genio
625 2440 760 2504 Socratis
775 2458 944 2521 narratum,
960 2465 1071 2530 nempe
1090 2440 1225 2506 Socratis
1247 2455 1367 2526 patrem

268 2542 406 2608 Orsculo
428 2543 580 2608 monitum
604 2541 709 2622 fuisse,
732 2559 768 2607 ut
790 2566 876 2608 sacra
895 2544 1009 2609 feceret
1032 2547 1107 2625 ὑπὲρ
1128 2544 1218 2608 αὐτοῦ
1241 2545 1368 2628 (nempe

267 2665 327 2730 pro
341 2643 406 2707 filio
421 2666 526 2707 recens
540 2645 627 2722 nuto)
646 2644 698 2706 Διὶ
712 2644 842 2728 ἀγοραίῳ
858 2646 906 2708 καὶ
920 2646 1065 2711 Μούσαις.
1090 2644 1190 2710 SCH.

312 2760 386 2828 974.
409 2746 530 2826 ἀγαθῶν
544 2744 615 2827 ἔρις]
639 2745 804 2809 Consentio
825 2746 986 2822 bonorum,
1001 2745 1022 2810 i.
1037 2763 1235 2812 scertamen
1259 2762 1365 2812 utrum

270 2844 417 2909 Minerva
430 2868 469 2909 an
486 2844 679 2908 Eumenides
694 2844 785 2931 plura
799 2846 832 2910 in
846 2846 1002 2912 civitatem
1017 2848 1099 2912 bona
1112 2850 1283 2914 conferunt.

313 2961 386 3030 977.
403 2947 579 3030 ἐπεύχομαι]
597 2947 764 3028 ἀπεύχομαι
779 2949 853 3013 Par.
876 2951 1043 3032 ἐπαύχαμαι
1057 2950 1142 3014 Rob.

313 3049 388 3133 980.
403 3047 542 3133 πολιτᾶν]
557 3053 689 3113 πολιτῶν
702 3048 779 3113 Ald.
796 3052 899 3116 Turn.

313 3150 387 3234 981.
403 3150 520 3236 ποινδς]
537 3149 742 3215 Scribendum
759 3158 862 3220 ποινᾶς
875 3177 947 3217 cum
963 3155 1106 3219 Psuwio.

313 3253 386 3338 985.
404 3258 578 3335 κοινοφελεῖ
591 3253 641 3316 Μ.
658 3253 735 3317 Ald.
767 3263 947 3338 κοινωφελεῖ
966 3254 1036 3321 libri
1058 3255 1179 3344 reliqui.
1226 3257 1369 3323 Scriben-

269 3354 346 3418 dum
361 3360 611 3419 κοινοθελεῖουπι
625 3354 807 3419 Wieselero.
842 3364 1010 3440 κοινοφιλεῖ
1026 3360 1241 3423 Hermannus.
1279 3361 1370 3423 Cete-

269 3479 340 3521 rum
355 3456 498 3520 delentur
511 3479 633 3521 comma
647 3471 717 3542 post
732 3459 858 3543 διανοίᾳ.

313 3558 388 3641 988.
405 3555 478 3640 ἆρα]
494 3558 552 3640 ἀρα
566 3556 638 3622 edd.
657 3572 731 3622 vett.
754 3559 773 3638 ι]
787 3561 826 3640 ῥα
839 3558 1060 3624 Wakefieldus.
1084 3561 1150 3641 ἄρτι
1165 3561 1346 3647 Burgesius.

313 3658 473 3741 φρονοῦσι]
506 3662 672 3738 φρονοῦσιν
702 3658 810 3723 Guell'.
840 3658 917 3723 Ald.
951 3661 1120 3742 φρονούσης
1148 3661 1232 3725 Rob.
1270 3663 1371 3726 Recte

271 3761 475 3823 Hermannus
490 3762 655 3839 φρονοῦσα.

315 3861 390 3944 989.
408 3860 555 3940 εὑρίσκειν
571 3860 731 3923 Porsonus
745 3882 785 3923 ex
800 3861 921 3926 Psuwii
934 3863 1124 3950 conjecturs.
1147 3865 1275 3945 εὑρίσκει
1289 3862 1370 3927 libri.

273 3959 479 4024 Scribendum
496 3961 658 4039 εὑρίσκειςς
682 3983 722 4023 ex
737 3962 916 4047 conjecturs
931 3964 1118 4029 Robortelli.

315 4078 388 4146 992.
404 4061 566 4143 εὔφρονας]
585 4060 735 4143 εὐφρόνως
752 4063 834 4127 Rob.

314 4162 373 4247 ἀεὶ]
390 4160 448 4225 αἰεὶ
463 4163 566 4224 Turn.
584 4162 693 4249 Steph.

315 4284 388 4350 993.
411 4268 468 4345 γῆν
484 4265 531 4327 καὶ
545 4262 636 4329 πόλιν
654 4269 1006 4357 ὀρθοδίκαιον-πάντες]
1031 4274 1130 4337 Recte
1152 4276 1191 4355 γῆ
1214 4274 1262 4336 καὶ
1283 4274 1372 4338 πόλις

270 4365 608 4448 ὀρθοδίκαιοι-πάντως
632 4368 846 4448 Hermannus,
871 4375 909 4452 γῆ
934 4373 981 4436 καὶ
1005 4372 1094 4441 πόλις
1117 4397 1156 4439 ex
1179 4374 1370 4460 conjectura,

270 4468 390 4553 reliqua
404 4490 444 4531 ex
458 4466 561 4547 codd,
577 4469 707 4556 scripsit.
