2984 5054
265 336 329 402 462
624 335 1004 401 ANNOTATIONES

263 506 332 570 οῦτε
347 509 438 588 γῆρας
452 505 617 585 οὐλόμενον
635 503 641 590 Ι
661 505 798 587 κέκραται
814 508 878 588 ἱερᾷ
893 507 995 587 γενεᾷ.
1020 505 1121 567 πόνον
1139 500 1145 585 Ι
1165 504 1198 566 δέ
1213 503 1261 567 καὶ
1275 503 1366 568 πολέ-

262 632 327 687 μου
356 609 426 689 άτερ
443 606 450 694 Ι
469 606 602 681 οἰκέοισι,
629 609 777 689 φυγόντες
795 605 801 692 Ι
819 606 976 687 ὑπέρδικον
1005 605 1151 684 Νέμεσιν.
1199 606 1297 670 Plura
1325 605 1366 670 de

264 707 481 795 Hyperboreis
495 729 640 794 quaerens
654 709 745 772 adeat
761 708 931 794 Spanhem.
946 706 987 770 ad
1003 706 1124 771 Callim.
1143 709 1188 770 H.
1206 707 1277 771 Del.
1291 709 1365 774 281.

265 810 440 874 BLOMF.

307 927 382 998 374.
398 918 508 993 φονεῖς
524 912 627 975 Turn.
646 911 757 996 Steph.
780 917 878 993 φονεῖ
890 909 960 974 libri
976 909 1100 995 reliqui.

306 1015 450 1078 ὀδυνᾶσαι
467 1011 538 1096 γάρ]
554 1012 643 1077 Male
659 1014 819 1077 Porsonus
840 1012 908 1077 hoec
923 1011 1018 1076 verba
1041 1011 1128 1075 uncis
1149 1010 1365 1078 circumdedit.

264 1115 299 1179 οῦ
313 1119 439 1179 δύνασαι
458 1113 516 1197 γάρ
530 1115 570 1179 Ο.
587 1113 763 1178 Muellerus
784 1114 816 1177 in
840 1113 1085 1178 Zimmermanni
1108 1112 1207 1178 diario
1227 1115 1365 1199 a.1836.

264 1239 296 1304 p.
316 1232 364 1300 17.
388 1233 481 1294 recte,
504 1216 562 1280 nisi
584 1217 671 1303 quod
693 1217 728 1280 οῦ
750 1215 892 1281 omittere
914 1214 1068 1279 debebat:
1096 1214 1136 1279 de
1158 1239 1223 1302 quo
1244 1216 1367 1281 monuit

267 1319 479 1382 Hermannus

308 1438 348 1505 37
351 1435 382 1505 5.
405 1419 557 1503 μαράγνης
572 1418 656 1483 Rob.
678 1417 833 1500 μαράγμητ
848 1417 899 1481 Μ.
917 1421 1003 1503 (cum
1018 1417 1062 1505 gl.
1077 1417 1237 1502 μάστιγος)
1255 1420 1365 1487 Guelf.

265 1519 344 1585 Ald.
370 1524 514 1603 μαραένηε
539 1523 642 1585 Turn.
669 1519 779 1606 steph.
825 1521 999 1584 “Rectum
1024 1534 1071 1586 est
1097 1520 1259 1604 μαράγνης,
1285 1523 1368 1587 sicut

264 1622 381 1709 legitur
402 1624 433 1687 in
457 1623 589 1689 Platone
612 1622 741 1688 Comico
761 1644 812 1709 ap.
836 1620 957 1687 Pollnc.
978 1642 1029 1698 10,
1050 1625 1104 1707 56.
1128 1623 1245 1687 Incert.
1268 1624 1366 1689 Rhea

266 1725 340 1806 817.
356 1725 410 1788 ubi
430 1725 594 1790 scholiasta
615 1740 719 1789 monet
738 1723 957 1788 Herodianum
980 1724 1114 1790 scribere
1136 1739 1288 1810 peracute
1308 1750 1365 1806 μα-

263 1825 371 1907 ράγνα.
415 1826 516 1913 Apud
539 1826 735 1914 Hesychlum
758 1825 851 1890 etiam
875 1826 954 1890 hanc
976 1825 1108 1890 formam
1131 1839 1288 1913 reponunt
1309 1827 1367 1890 viri

265 1925 348 1989 docti
380 1936 437 2010 pro
465 1926 605 2007 μάροινο.
639 1926 783 2002 Photius,
815 1927 984 2008 Mdpcyuo:
1016 1928 1153 2008 μάστιξ.”
1190 1929 1366 1993 BLOMF.

264 2025 412 2089 Alterum
443 2025 603 2112 flagellum
631 2041 679 2091 est
706 2027 866 2114 cogitatio,
892 2050 976 2105 eum,
1004 2028 1060 2114 qui
1088 2028 1270 2115 propulsare
1300 2028 1367 2091 haec

264 2126 346 2191 mala
360 2144 473 2215 posset,
491 2130 790 2213 (Agamemnonem)
807 2127 874 2211 jam
898 2139 978 2191 terra
1000 2126 1161 2191 conditum
1183 2150 1267 2201 esse3
1291 2127 1367 2191 alte-

264 2252 336 2292 rum
371 2251 456 2308 vero,
489 2251 608 2301 eorum,
642 2227 697 2314 qui
735 2250 819 2292 nunc
853 2226 1018 2314 imperant,
1050 2227 1299 2313 Clytaemnestrae
1336 2245 1368 2292 et

266 2330 418 2418 AEgisthi‚
442 2352 553 2394 manus
575 2329 659 2393 haud
683 2352 779 2416 puras
799 2352 865 2393 esse
886 2329 928 2393 ab
949 2329 1164 2394 abominandis
1187 2331 1269 2396 hisce
1290 2329 1366 2395 faci-

265 2432 405 2511 noribus,
421 2456 438 2496 e
452 2432 569 2518 quibus
583 2445 660 2495 ortae
675 2430 737 2495 sint
751 2431 801 2495 hae
815 2430 1015 2495 calamitates.
1040 2433 1140 2495 SCH.

308 2535 384 2619 378.
407 2539 560 2615 στυγερῶν
581 2531 704 2616 τοῦτον]
727 2538 879 2614 στυγερῶν
901 2535 996 2597 ὄντων
1016 2535 1192 2596 Hermann.
1215 2538 1368 2614 στυγερῶν

268 2635 405 2700 θανάτων
435 2633 563 2699 Schutz.
594 2633 741 2714 στυγερὸν
769 2631 845 2696 τοῦτ’
875 2634 929 2697 οῦν
954 2633 1067 2697 Bothe.
1113 2635 1168 2696 An
1198 2632 1366 2718 legendum

265 2736 353 2819 χέρες
374 2737 431 2817 οὐχ
452 2735 543 2798 ὅσιαι.
569 2735 703 2814 στυγερὼ
725 2736 826 2797 τούτω·
862 2742 1031 2822 utrumque
1052 2736 1166 2800 horum
1187 2736 1313 2822 difficile
1338 2745 1369 2799 et

264 2836 428 2908 οάίοιιινι,Ι
462 2837 575 2921 pueris
596 2844 701 2898 tomen
720 2837 755 2915 (l.
770 2856 796 2898 ν.
816 2837 921 2898 Oresti
935 2844 965 2899 et
978 2837 1128 2919 Electrae)
1142 2839 1285 2926 gravius
1299 2848 1367 2903 eat:

265 2938 285 3000 i.
302 2960 329 3002 e.
346 2937 505 3001 molestius
522 2951 579 3015 est,
593 2935 760 3001 certamine
781 2935 972 3016 imminente,
986 2938 1228 3024 opitulatoribus
1249 2963 1366 3019 carere,

265 3060 360 3125 quam
385 3061 495 3102 manus
516 3038 652 3124 pollutas
675 3037 800 3102 habere.
847 3037 908 3101 Sed
935 3039 994 3105 hoc
1017 3063 1079 3104 non
1106 3042 1233 3106 omnino
1256 3042 1368 3129 placet.

267 3141 389 3206 Locum
405 3155 488 3204 certe
503 3161 565 3204 non
580 3137 733 3204 intellexit
746 3138 898 3226 interpres
913 3141 1065 3213 (ἕτοιμος
1089 3143 1178 3225 χέρες
1192 3144 1249 3226 οῦχ
1266 3144 1366 3208 dccet:

266 3246 352 3307 τοῦτο
375 3244 434 3326 ἰδίη
455 3243 696 3323 ἀναπεφώνηται,
719 3247 778 3304 τῦν
799 3242 878 3323 άγαν
903 3248 1055 3324 στυγερῶν
1081 3246 1201 3321 τούτων,
1224 3249 1309 3308 τοῦτο
1335 3248 1368 3309 δὲ

264 3350 385 3426 μᾶλλον
411 3343 637 3427 Ἀγαμέμνονος
664 3350 726 3412 τοῖς
753 3346 857 3408 παισὶν
888 3344 977 3409 αὐτοῦ
1006 3345 1210 3426 συμβέβηκεν·
1246 3346 1320 3428 πρὸς
1351 3346 1368 3411 b

266 3447 372 3529 έπάγει
405 3447 558 3529 Ἠλέκτρα
587 3447 633 3510 ὅτι
663 3447 702 3513 ὥς
733 3445 827 3527 βέλος
860 3447 877 3508 ὁ
912 3447 1006 3527 λόγος
1042 3448 1128 3514 οὗτος
1163 3448 1266 3530 ἥψατά
1300 3472 1366 3527 μον.

267 3548 442 3611 BLOMF.

307 3650 383 3734 380.
400 3649 569 3734 διαμπερές]
585 3650 742 3729 διαπρεπὲς
758 3647 842 3710 Rob.

308 3751 360 3817 οῦς
375 3749 571 3815 Schuetzius.
594 3750 633 3815 dr
648 3747 729 3812 libri.

308 3852 383 3935 381.
399 3849 486 3936 ἵκεθ’]
505 3851 539 3913 ln
556 3848 644 3912 libris
658 3847 749 3934 plene
764 3847 913 3934 scriptum
931 3851 1019 3914 ἵκετο.

309 3951 385 4033 άπερ
399 3952 448 4038 τε]
465 3951 517 4015 άτε
531 3975 587 4032 περ
602 3951 705 4013 Turn.
724 3949 832 4035 Steph.

307 4052 381 4135 382.
398 4051 485 4135 ἄταν]
500 4052 574 4131 άτην
590 4051 639 4114 Μ.
657 4049 883 4137 (superscripto
898 4051 932 4131 ο)
949 4052 1035 4117 Rob.

308 4153 384 4238 383.
399 4152 538 4236 τλήμονι]
555 4152 691 4216 Audaci.
716 4150 815 4216 Scrib.
831 4168 935 4217 autem
951 4155 1088 4233 τλάμονι.

307 4254 383 4340 384.
399 4253 489 4339 χειρὶ]
506 4251 610 4318 Schol.
626 4251 893 4334 Κλυταιμνήστρας
908 4254 956 4317 καὶ
970 4258 1128 4337 Αἰγίσθου.

308 4361 427 4420 τοκεῦσι
442 4354 466 4418 δ’
483 4357 560 4434 ὅμως
574 4353 717 4439 τελεῖται]
733 4353 834 4417 Verba
849 4371 1007 4441 corrupta.
1027 4365 1047 4395 ‘⁶
1062 4363 1182 4423 τοκεῦσι
1202 4361 1280 4438 δάμω
1303 4384 1371 4423 στε-

266 4466 365 4522 λεῑτοι
381 4458 467 4523 Rob.
490 4462 627 4521 τοκεῦσιν
641 4458 721 4523 ὅπως
734 4461 855 4535 τελῆται
872 4456 984 4544 Scalig.
1005 4473 1037 4522 et
1056 4459 1220 4524 scholiasta
1241 4460 1370 4547 quidem
