2984 5054
517 333 586 396 AD
610 334 878 399 SUPPLICES.
1181 333 1243 398 601

320 501 381 562 πῶς
395 495 419 560 δ’
436 498 474 562 ἂν
488 505 591 579 γαμῶν
606 502 739 566 ἄκουσαν
753 503 877 570 ἄκοντος
890 501 972 584 πάρα

319 598 412 679 ἁγνὸς
425 599 535 681 γένοιτ’
550 603 599 665 ὄν.

144 731 265 812 purtim
279 746 384 796 autem
408 734 464 799 bas
485 737 611 824 nuptias
633 751 670 802 ut
691 737 822 802 incestas
843 737 985 824 adeoque
1007 736 1127 802 illicitas
1143 737 1246 819 (τὸμὴ

146 831 245 912 θέμις)
259 835 406 914 aversari,
420 837 569 923 quoniam
584 841 671 920 φίλοι
690 839 762 917 sint,
776 841 961 925 propinqui,
979 839 1149 926 (patrueles
1164 836 1245 920 scil.)

145 934 262 1019 quibus
275 936 317 1001 ob
331 939 629 1026 consanguinitatem
643 943 757 1008 trabere
772 943 859 1006 nefas
873 943 922 1007 sit.
952 945 1136 1029 Utrumque
1150 941 1247 1028 igitur

147 1034 273 1102 brevius
286 1038 392 1126 eloqui
406 1064 468 1105 non
483 1057 638 1129 poterant,
654 1067 749 1130 quam
762 1044 821 1108 boc
837 1043 950 1108 modo:

317 1179 372 1244 Τίς
386 1176 410 1241 δ’
426 1177 464 1242 ἂν
479 1179 587 1259 φίλους
602 1177 706 1242 ὠνοῖτο
721 1177 789 1245 τοὺς
804 1177 1015 1257 κεκτημένονςι

146 1307 245 1371 SCH.
292 1309 365 1373 Non
388 1309 536 1376 satisfacit
557 1311 625 1376 lraec
646 1311 872 1398 interpretatio.
918 1311 1101 1389 Scholiasta,
1124 1314 1168 1380 τίς
1189 1315 1247 1395 γὰρ

146 1409 215 1476 τοὺς
238 1411 346 1492 ἄνδρας
372 1414 520 1480 δεσπότας
545 1413 650 1477 ὄνοιτο
674 1413 748 1495 (boc
772 1415 930 1496 accentu).
963 1417 1054 1478 olotro
1081 1413 1246 1478 Stanleius.

147 1518 169 1548 “
181 1511 323 1597 Reposui
338 1516 446 1577 ὄνοιτο.
470 1514 655 1602 Respondet
670 1514 759 1602 virgo
771 1514 936 1601 quaestioni
949 1514 1030 1601 regis
1042 1515 1103 1579 κατ’
1114 1515 1226 1597 ἔχθραν
1237 1537 1246 1590 3

147 1611 199 1676 Ob
220 1612 327 1678 odium
350 1638 481 1702 nempe3
506 1638 577 1680 nam
599 1616 670 1703 quis
690 1616 833 1680 dominos
856 1616 1047 1703 vituperaret
1069 1616 1122 1703 qui
1146 1628 1248 1680 esseut

145 1714 261 1780 amici?
284 1718 391 1795 Quum
407 1716 475 1781 illos
489 1717 660 1806 fugiamus,
673 1718 815 1806 sequitur
828 1719 902 1783 odio
917 1718 1006 1783 nobis
1019 1721 1113 1782 esse.”
1128 1720 1248 1784 BOIS-

148 1817 245 1881 soN.
268 1819 374 1882 ὠνοῖτο
397 1820 501 1884 Τυτη.
524 1820 654 1907 scripsit.
678 1822 782 1886 ὄνοιτο
805 1821 882 1885 Ald.
904 1820 987 1885 Rob.
1013 1820 1123 1907 Steph.
1149 1823 1248 1884 ὄνοιτο

147 1918 349 1984 Robortellus
377 1921 482 2007 posuit
511 1921 542 1985 in
571 1924 716 1988 lemmate
745 1922 953 1988 annotationis
983 1924 1102 1986 “Nota
1131 1943 1248 1985 morem

145 2023 267 2086 emendi
286 2045 428 2110 ορονυιος,
450 2025 489 2088 dc
509 2046 570 2112 quo
591 2026 751 2112 Vergilias
772 2028 867 2088 etlam
889 2025 969 2089 libro
987 2045 1015 2088 1.
1038 2026 1154 2113 Georg.
1177 2046 1246 2087 ουυι

146 2124 206 2200 alt,
227 2125 332 2210 Teque
343 2127 404 2190 sibi
414 2148 573 2214 generum
593 2127 712 2213 Tethys
726 2135 809 2190 emat
822 2128 966 2190 omnibus
980 2127 1112 2190 andir.''
1127 2125 1247 2203 calami,

148 2238 184 2288 ut
199 2224 334 2304 videtur,
349 2228 449 2312 lapsu.
473 2229 557 2291 Nam
573 2228 733 2292 annotatio
749 2227 911 2291 manifeste
926 2226 966 2291 ad
982 2228 1087 2292 ὦνοῖτο
1102 2227 1246 2292 refertur.

148 2327 285 2392 Omnino
310 2350 420 2391 verum
446 2342 493 2392 est
519 2331 629 2393 ὄνοιτο.
668 2329 873 2392 Homericum
900 2329 962 2393 od.
989 2329 1020 2407 8,
1045 2330 1116 2395 208.
1144 2331 1188 2396 τίς
1211 2329 1249 2393 ἂν

148 2429 285 2511 φιλέοντι
298 2427 424 2514 μάχοιτο
438 2429 631 2517 comparavit
644 2428 913 2493 Wordsworthus.

190 2546 264 2617 337.
281 2531 383 2616 οὕτως]
399 2533 473 2596 οὕτω
490 2533 593 2595 Τυτυ.
611 2530 721 2617 Stepb.

191 2634 492 2719 σθένος-βροτοῖς]
530 2635 578 2698 At
614 2631 762 2719 equidem
792 2632 987 2719 patruelibus
1015 2632 1125 2696 vestris
1161 2631 1251 2697 facile

146 2737 286 2823 ignosco,
301 2735 388 2822 quod
411 2736 537 2822 nuptias
552 2749 670 2800 vestras
689 2750 917 2814 consectentur,
931 2736 978 2799 ita
1000 2736 1083 2798 enim
1103 2735 1201 2799 robur
1222 2744 1252 2799 et

146 2861 218 2926 opes
232 2847 396 2926 augentur
410 2839 604 2902 mortalibus.
630 2839 729 2901 SCH.

190 2961 209 3026 3
212 2942 266 3025 38.
290 2941 338 3004 καὶ
352 2942 580 3023 δυστυχούντων
594 2938 622 3022 γ’
639 2940 765 3021 εὐμαρὴς
779 2938 965 3025 ἀπαλλαγή]
987 2939 1086 3005 Stanl.
1101 2939 1252 3028 interpre-

149 3056 251 3106 tatur:
276 3043 390 3104 Etiam
411 3042 591 3126 irfillclbns
599 3043 707 3125 facila
726 3042 890 3106 toleranda
905 3051 1060 3106 moreest.
1106 3045 1153 3106 At
1169 3042 1250 3106 enim

148 3144 215 3207 haec
230 3142 382 3206 sententia
398 3163 525 3227 prorsus
544 3141 621 3204 nihil
635 3141 741 3218 habet,
756 3141 842 3227 quod
865 3143 906 3206 ad
927 3143 1113 3206 antecedens
1127 3141 1252 3229 Pelasgi

148 3245 267 3309 dictum
282 3242 445 3331 pertineat.
491 3244 564 3306 Imo
578 3243 682 3328 potius
698 3242 756 3306 boc
771 3242 882 3306 dicunt
896 3242 1028 3329 puellae:
1054 3245 1103 3306 Et
1117 3245 1157 3305 ab
1171 3247 1253 3329 irfi-

148 3350 260 3413 licibrrs
283 3345 407 3432 pridem
409 3345 529 3429 facilis
555 3354 600 3409 eat
622 3345 797 3419 decessum
829 3344 860 3407 h.
883 3367 910 3408 e.
939 3343 1018 3430 ipso,
1043 3344 1129 3430 quod
1163 3345 1252 3411 nobis

148 3448 243 3514 modo
258 3445 382 3525 dedisti,
397 3467 545 3530 responso
560 3445 633 3508 satis
647 3445 820 3524 ostendisti,
837 3444 912 3507 nihil
928 3445 1051 3510 facilius
1064 3469 1140 3525 esse,
1155 3469 1250 3532 quum

148 3550 289 3616 homines
303 3547 449 3625 infelices,
465 3569 556 3633 opem
580 3562 612 3610 et
633 3545 786 3610 auxilium
809 3559 961 3632 petentes,
976 3547 1176 3613 excusatione
1197 3534 1252 3612 ali·

149 3677 215 3740 qua
237 3651 280 3716 sic
301 3648 469 3727 dimittere,
487 3661 523 3711 ut
545 3662 576 3711 te
598 3648 759 3736 suppetias
779 3648 816 3712 iis
837 3648 957 3712 ferendi
979 3648 1080 3712 officio
1102 3649 1250 3715 exsolvas.

149 3757 273 3840 Nempe
287 3774 359 3817 cum
376 3749 536 3814 Danaides
555 3749 699 3834 iniquum
715 3773 781 3813 esse
796 3773 828 3814 se
842 3749 999 3837 patrueles
1022 3773 1094 3813 suos
1108 3751 1252 3814 dominos

148 3880 251 3922 emere
279 3854 549 3942 pronuntiassent,
579 3873 635 3915 rex
672 3849 748 3913 nibil
784 3850 870 3914 aliud
908 3849 1126 3937 respondebat,
1155 3874 1251 3938 quam

149 3957 286 4045 AEgypti
313 3955 384 4020 liliis
413 3955 472 4018 hoc
500 3952 540 4016 ad
571 3951 732 4040 augendas
760 3976 835 4039 opes
863 3951 1059 4017 conducibile
1088 3976 1163 4017 esse.
1209 3954 1250 4019 Id

149 4060 246 4147 igitur
281 4058 323 4122 sic
359 4055 517 4143 accipiunt
545 4053 717 4132 Danaides,
747 4054 837 4140 quasi
865 4078 919 4119 rex
948 4045 1086 4142 AEgypti
1115 4055 1250 4120 filiorum

149 4160 313 4248 postulatis
337 4158 491 4224 calculum
516 4157 653 4244 adjiciat,
677 4179 848 4243 causasque
873 4155 1029 4242 anquirat,
1053 4156 1251 4222 Danaidibus

149 4261 300 4327 auxilium
316 4259 510 4348 denegandi;
534 4258 566 4322 id
585 4257 682 4346 igitur
697 4257 825 4322 moleste
845 4258 980 4322 ferentes
994 4260 1104 4323 acerbe
1126 4280 1252 4345 respon·

150 4363 242 4427 deut:

323 4464 371 4526 καὶ
385 4462 610 4544 δυστυχούντων
624 4459 651 4542 γ’
670 4460 796 4541 εὐμαρὴς
811 4460 984 4544 ἆταλλαγή.

667 4580 725 4639 4G
