2984 5054
247 366 313 434 560
607 365 986 430 ANNOTATIONES

249 539 350 603 scH.
387 538 459 601 Non
475 535 694 601 animadvertit
711 535 896 600 Schuetzius
911 535 978 599 haeo
992 557 1030 599 ex
1045 533 1181 598 duorum
1198 555 1346 596 versuum

247 639 387 726 reliquiis
408 662 473 703 esse
495 638 638 715 οοιιάοιο,
661 660 796 724 quorum
822 637 934 723 pn'oris
963 650 1120 700 servatum
1150 634 1273 698 initium
1300 648 1348 697 est

249 741 388 822 στρέφων
416 741 543 820 τίθησιν,
567 739 695 804 alterius
724 738 795 802 finis
824 740 911 803 οὐδὲν
940 740 1094 818 άσθμαίνω
1123 736 1216 817 μένει.
1261 737 1346 798 Nam

248 844 402 922 δσθμαίνω
416 856 499 907 recte
514 841 664 928 scriptum
680 840 711 905 in
728 842 780 904 M.
798 839 875 903 Ald.
891 841 995 904 Turn.

292 947 310 1008 6
311 958 365 1028 52.
380 943 555 1028 ὑπερδικεῖς]
570 942 725 1025 ὖπερδικὴς
739 941 848 1006 Guelf.
871 944 1041 1023 ὑπερδοκεῖς
1056 939 1140 1004 Rob.

291 1045 359 1130 άρα]
375 1047 433 1127 ὁρῶ
449 1045 557 1110 Guelf.
575 1043 651 1109 Ald.

292 1150 312 1212 6
312 1163 365 1233 53.
381 1147 472 1234 πέδῳ]
489 1145 695 1212 scribendum
710 1145 805 1209 πέδοι.
830 1147 870 1209 V.
886 1145 925 1210 ad
943 1148 1049 1211 Prom.
1067 1162 1142 1231 749.

291 1251 312 1314 6
312 1250 364 1334 56.
380 1249 507 1333 χέρνιψ]
524 1250 626 1333 χέρνιξ
642 1248 751 1314 Gueif.
766 1245 844 1312 Ald.

292 1348 462 1433 φρατόρων]
481 1350 686 1415 Scribendum
703 1349 859 1432 φρατέρων
873 1373 942 1414 cum
960 1352 1009 1414 M.
1027 1353 1099 1415 Par.
1116 1349 1195 1414 Ald.

291 1452 499 1536 προσδέξεται]
517 1450 698 1533 προσδέξετε
713 1453 761 1515 Μ.
784 1452 979 1533 προσδέξαιτο
995 1452 1078 1516 Rob.
1094 1466 1125 1514 et
1139 1477 1187 1533 γρ.
1206 1453 1279 1515 Ροι.

293 1553 366 1638 658.
391 1555 443 1617 οὐκ
467 1553 532 1617 έστι
554 1554 662 1637 μήτηρ]
696 1552 887 1617 Sententiam
918 1554 997 1618 hanc
1022 1554 1195 1642 Euripides
1218 1577 1347 1641 quoque

248 1653 400 1740 expressit
415 1654 516 1717 Orest.
533 1676 562 1716 v.
577 1669 652 1737 551.

378 1771 473 1851 πατὴρ
487 1773 543 1851 μέν
560 1768 726 1852 έφάτενσέν
739 1796 788 1850 με,
804 1771 843 1851 σὴ
859 1770 883 1835 δ’
899 1772 994 1836 ἔτικτε
1008 1778 1086 1846 τοῖς,

377 1873 411 1935 τὸ
428 1870 532 1953 σπέρμ’
549 1873 659 1954 ἄρουρα
673 1872 882 1952 παραλοβοΰσ’
898 1875 995 1938 ἄλλον
1009 1874 1099 1956 πάρα.

377 1974 450 2038 άνεν
465 1975 498 2036 δὲ
513 1973 624 2055 πατρὸς
637 1972 743 2037 τέκνον
757 1974 810 2037 οὐκ
825 1978 870 2054 εἴη
883 1974 947 2038 ποτ’
964 1977 1011 2040 άν·

378 2073 562 2156 έλογισάμην
576 2073 630 2138 οὖν
645 2078 685 2160 τῷ
700 2073 805 2156 γένους
820 2077 969 2159 ἀρχηγέτῃ

377 2180 496 2256 μᾶλλον
510 2174 539 2255 μ’
555 2177 664 2256 ἆμῢναι
677 2181 727 2256 τῆς
741 2177 912 2258 ὑποστάσης
926 2178 1047 2262 τροφάς.

250 2291 398 2358 Similiter
412 2292 477 2357 fere
490 2291 577 2379 apud
592 2293 707 2381 Eurip.
721 2293 833 2381 fragm.
848 2295 908 2360 inc.
923 2297 977 2381 58.

378 2424 446 2490 ἀλλ’
462 2425 522 2490 ἴσθ’
538 2425 604 2506 έμοὶ
617 2428 675 2506 μὲν
689 2428 773 2495 οὗτος
787 2429 840 2493 οὐκ
855 2430 942 2496 ἔσται
957 2432 1058 2514 νάμος,

377 2528 411 2592 τὸ
425 2528 465 2607 μὴ
480 2530 514 2592 οὔ
530 2553 576 2603 σε,
591 2533 695 2612 μῆτερ,
710 2536 865 2614 προσφιλῆ
880 2533 981 2614 νέμειν
995 2535 1042 2599 ἀεὶ

379 2631 492 2695 καὶτοῦ
506 2633 618 2697 δικαίαν
634 2633 682 2696 καὶ
696 2639 790 2697 τοκῶν
803 2639 863 2697 τῶν
878 2640 941 2698 σῶν
955 2633 1053 2717 χάριν.

379 2733 494 2814 στέργω
509 2734 541 2795 δέ
556 2735 610 2798 τὸν
624 2736 764 2816 φύσαντα
777 2739 836 2798 τῶν
849 2733 969 2798 πάντων
982 2740 1100 2815 βροτῶν

375 2831 509 2911 μάλισθ’,
525 2835 611 2914 ὁρίζω
626 2839 720 2897 τοῦτο·
745 2834 793 2896 καὶ
807 2833 846 2896 σὺ
858 2833 899 2912 μὴ
914 2835 1032 2914 φθάνει.

378 2935 475 2998 κείνου
490 2937 547 3016 γὰρ
563 2933 759 3013 έξέβλαστον,
776 2930 835 2996 οὐδ’
851 2933 889 2997 ἃν
904 2934 946 3000 εἵς
961 2934 1035 3015 ἀνὴρ

376 3036 514 3117 γυναικὸς
529 3034 694 3115 οὖδήσειεν,
710 3035 792 3098 ἀλλὰ
806 3039 858 3098 τοῦ
873 3036 991 3116 πατράς.
1030 3037 1130 3100 SCH.

291 3153 487 3238 κεκλημένου]
504 3152 667 3233 κεκλημένη
683 3155 726 3217 Τ.

291 3260 365 3321 660.
381 3256 468 3341 άπερ]
484 3259 585 3337 ὥσπερ
601 3257 673 3320 Par.

291 3360 365 3424 661.
382 3358 504 3443 βλάψῃ]
519 3359 640 3440 βλάψει
655 3359 728 3422 Par.

291 3464 365 3541 664.
385 3461 463 3525 Post
478 3460 562 3523 hunc
578 3482 700 3523 versum
723 3459 843 3547 aliquid
858 3461 1010 3527 excidisse
1031 3463 1249 3529 animadvertit
1265 3466 1345 3529 But·

247 3564 347 3628 letus:
372 3586 434 3628 non
449 3560 708 3627 animadverterat
724 3562 918 3644 Schuetzius,
934 3588 1032 3651 quum
1048 3567 1225 3652 proximum
1242 3568 1302 3630 οὐδ’
1313 3566 1345 3629 in

247 3665 300 3729 οὐκ
315 3664 430 3730 mutari
444 3662 548 3727 vellet.

291 3770 366 3830 666.
382 3766 478 3851 ἔρνος]
495 3767 579 3847 ἔρνος
593 3765 671 3830 Ald.

291 3870 365 3951 667.
381 3869 434 3956 ῶς]
452 3867 498 3931 άσ’
515 3867 623 3932 Guelf.
646 3866 680 3933 δς
694 3865 772 3930 Ald.

250 4007 256 4017 -
292 3971 366 4050 670.
383 3969 437 4053 εἰς]
454 3969 659 4033 Scribendum
676 3972 714 4036 ές.

293 4074 366 4153 672.
385 4071 506 4155 αἰανῶς]
522 4074 628 4137 αἰῶνας
641 4069 718 4132 Ald.
735 4068 819 4133 Rob.
842 4068 877 4132 δι’
893 4073 1000 4138 αἰῶνος
1013 4072 1120 4137 Guelf.

292 4175 332 4252 67
334 4191 365 4255 3.
381 4173 418 4233 τὸ
432 4170 536 4255 πιστὰ]
552 4170 576 4233 τ’
591 4171 702 4234 άπιστο
717 4171 766 4232 Μ.
783 4170 891 4235 Guelf.
906 4171 984 4236 Ald.
1000 4175 1084 4240 Rob.

291 4278 366 4355 674.
382 4273 507 4356 κελεύω]
526 4273 658 4336 κελεύσω
673 4270 756 4334 Rob.

292 4373 365 4457 678.
382 4372 531 4457 άμομφος]
548 4373 682 4455 άμορφος
696 4370 775 4436 Ald.

292 4477 365 4543 680.
381 4477 525 4562 αἰδεῖσθε]
541 4479 689 4543 αἰδεῖσθαι
700 4475 785 4541 Rob.
801 4489 833 4542 et
847 4477 1086 4565 superscripto<
1102 4481 1150 4545 M.
