2984 5054
262 334 327 400 626
624 338 1001 402 ANNOTATIONES

262 509 358 574 δόσως
379 529 417 570 ex
443 508 492 570 M.
515 507 697 585 άμπετήσαις
719 509 811 573 ὰόσας
833 506 940 570 Guelf.
969 507 1152 586 άμπετήσαις
1173 508 1260 569 ὄόσοι
1284 505 1371 569 Ald.

261 609 446 688 άμπετήσοσ“
462 611 500 675 ὥς
516 608 601 671 Rob.

305 712 377 792 784.
393 709 541 794 ἄφυκτον]
560 709 791 795 Significatione
806 711 907 774 activa
922 711 1052 774 dictum.

304 813 375 896 785.
398 813 602 894 μελαινόχρως
625 812 782 876 Pauuius.
810 815 1004 895 μελανόχρως
1025 810 1105 874 libri.
1152 810 1367 876 scribendum

258 918 459 998 κελαινόχρως
476 938 546 978 cum
565 914 766 978 Lachmanno
785 914 924 978 dechor.
941 930 1014 1001 syst.
1030 937 1062 1000 p.
1077 914 1130 994 48.
1176 911 1368 991 Scholiasta,

256 1019 276 1097 ἡ
296 1022 451 1100 μεταφορὰ
473 1018 532 1082 ἀπὸ
555 1023 607 1098 τῆς
629 1016 794 1095 θαλάσσης,
817 1018 880 1096 ἥτις
902 1020 936 1081 ἐν
959 1022 998 1103 τῷ
1024 1015 1229 1097 ταράσσεσθαι
1253 1019 1368 1094 μελαί-

257 1145 348 1184 νεπαι.

302 1224 373 1305 786.
396 1223 506 1302 πατρὸς
528 1224 639 1285 σκοπαὶ
661 1221 770 1309 Steph.
802 1222 1007 1301 ποτροσκοπαὶ
1031 1221 1081 1283 Μ.
1106 1218 1214 1283 Guelf.
1245 1220 1365 1299 πατρὸς

255 1325 349 1388 κῶπαι
365 1323 449 1386 Rob.
473 1324 584 1405 πατρὸς
602 1327 681 1388 κόπω
697 1323 776 1387 Ald.
799 1322 909 1404 πατρὸς
925 1325 1004 1407 κόπῳ
1020 1323 1123 1386 Tura.
1170 1319 1360 1400 Scholiasta,

254 1425 465 1505 προσκοπήσας
480 1428 496 1488 ὁ
511 1427 607 1506 πατὴρ
622 1426 670 1488 καὶ
685 1424 819 1505 σημάνας
834 1426 985 1506 ἐτάραξεν.

298 1528 372 1608 788.
389 1528 566 1611 σοργάναις]
586 1526 791 1592 scribendum
808 1528 948 1608 ἀρτάναις
961 1550 1000 1590 ex
1017 1528 1089 1589 Par.

299 1646 370 1712 790·
386 1628 452 1713 τιν’
470 1633 689 1712 ἐπιμανῆναι
703 1628 819 1712 τερον]
834 1627 899 1713 τοι·
917 1631 1084 1711 οσανν
1100 1629 1358 1709 (sauma

255 1730 326 1793 Par.
349 1738 547 1814 annotatum)
570 1731 669 1816 χροῖν]
687 1732 798 1794 Veram
822 1729 1006 1816 scripturam
1028 1731 1103 1813 τῷδε
1120 1732 1272 1811 χριμφθῆν
1286 1730 1363 1810 χροῒ

252 1833 401 1918 proposui
417 1833 448 1896 in
463 1833 662 1896 annotatione
677 1832 717 1896 ad
738 1832 837 1918 Soph.
854 1831 970 1895 Trach.
987 1850 1078 1894 1000.
1094 1831 1148 1895 ubi
1164 1830 1356 1894 infinitivum

253 1934 411 1997 AEolicum
438 1939 641 2017 καταδερχθῆν
666 1933 795 1998 restitui.
827 1933 898 2017 χροὶ
920 1933 1012 1997 etiam
1038 1931 1259 1996 Boissonadius
1284 1956 1357 1996 cor-

252 2050 342 2099 rexit.

293 2153 367 2221 793.
382 2137 506 2221 ὑὰρηλὰ]
523 2136 546 2200 δ’
563 2139 676 2217 ὑδρηλὰ
689 2137 736 2199 Μ.
750 2135 826 2200 Ald.
840 2137 922 2199 Rob.
941 2134 977 2198 δι’
992 2138 1106 2217 ὑὰρηλὰ
1122 2137 1224 2198 Turn.
1240 2137 1355 2222 Steph.

248 2240 362 2319 ὑδρηλὰ
384 2237 407 2300 si
431 2255 513 2302 recte
535 2237 661 2323 legitur,
678 2237 755 2320 νέφη
775 2261 814 2301 ex
835 2237 1020 2324 glossemate
1037 2237 1159 2301 illatum
1176 2238 1214 2301 sit
1231 2260 1355 2302 necesse

248 2339 458 2426 exquisitioris
480 2340 641 2426 cujusdam
666 2339 820 2417 vocabuli,
841 2337 934 2427 quale
955 2354 1002 2404 est
1025 2337 1163 2421 κύφελλ’,
1185 2339 1271 2426 quod
1295 2363 1354 2426 per

248 2441 326 2524 νέφη
355 2442 513 2530 explicant
538 2442 743 2528 grammatici.
788 2445 839 2506 Eo
864 2441 1091 2506 Callimachum
1120 2442 1173 2523 (fr.
1200 2445 1292 2527 300.)
1319 2460 1353 2507 et

248 2544 490 2631 Lycophronem
508 2568 536 2607 v.
554 2550 645 2625 1426.
663 2568 752 2608 usum
770 2569 835 2609 esse
851 2561 981 2610 constat.

289 2647 436 2730 γίγνεται]
451 2650 565 2728 γίνεται
580 2646 657 2710 Altl.
676 2648 760 2710 Rob.
777 2650 879 2712 Turn.
898 2646 1006 2733 Steph.
1030 2650 1161 2729 γείνετοι
1178 2649 1226 2711 M.

289 2764 363 2831 794.
382 2764 453 2833 795.
477 2749 654 2832 iterumque
677 2751 750 2832 796.
776 2768 848 2833 797.
871 2748 1092 2833 conjungendi,
1117 2749 1295 2835 pariterque
1316 2750 1348 2812 in

246 2847 441 2934 antistropho
457 2848 637 2931 802—805.

290 2968 362 3031 794.
379 2947 397 3026 ἢ
412 2953 522 3016 λισσὰς
538 2948 727 3035 Sophanous,
744 2952 846 3013 Turn.
866 2951 976 3036 Steph.
1000 2952 1128 3030 ἡλίσσας
1143 2950 1251 3015 Guelf.
1268 2954 1346 3016 Alil.

245 3049 375 3127 ἥλισσος
391 3049 475 3113 Rob.
491 3051 582 3137 cujus
596 3051 694 3115 codex
711 3053 858 3131 ἥλησσος.

288 3153 509 3238 ὰπρόσὰεικτος]
527 3154 629 3240 Cujus
643 3176 791 3217 cacumen
807 3153 848 3216 ob
867 3177 1020 3217 summam
1041 3155 1235 3220 altitudinem
1255 3181 1348 3222 nemo

244 3252 351 3341 digitis
365 3272 607 3320 commonstrare
621 3271 733 3341 potest.
759 3258 859 3320 scH.

289 3373 360 3442 795.
385 3363 493 3439 κρεμὰς
514 3358 613 3422 codex
638 3357 823 3437 Robortelli‚
846 3358 902 3421 nisi
925 3359 1010 3444 quod
1035 3363 1143 3440 κρέμας
1163 3360 1273 3425 vitioso
1296 3386 1347 3426 ac-

241 3474 345 3524 centu.
367 3460 476 3541 ἡρὲμας
492 3461 598 3525 Guelf.
615 3460 692 3525 Ald.
717 3464 823 3542 ἐρημὰς
840 3462 942 3524 Turn.
960 3460 1070 3548 Steph.

287 3564 357 3645 796.
383 3566 490 3644 γυπιὰς
517 3562 664 3648 Scaliger.
698 3565 805 3645 γυπίας
830 3561 910 3626 libri.
943 3571 965 3602 “
981 3568 1096 3646 γυπιὰς,
1121 3566 1176 3629 ubi
1203 3567 1344 3629 vultures

240 3665 418 3750 nidificant.
468 3666 612 3729 Vulturna
634 3668 728 3742 enim,
744 3680 780 3729 ut
799 3665 843 3730 ait
859 3666 940 3729 Plin.
960 3669 1002 3729 H.
1020 3668 1061 3730 N.
1079 3688 1129 3743 10,
1146 3671 1176 3732 6.
1193 3671 1228 3731 in
1244 3672 1341 3733 encel-

238 3769 374 3832 sissimis
395 3770 529 3852 rupibus
547 3769 722 3854 nidificant,
738 3771 815 3834 adeo
837 3780 872 3834 ut
893 3771 985 3834 nidos
1006 3793 1113 3835 eorum
1135 3793 1225 3836 nemo
1246 3776 1344 3836 attiu-

236 3873 328 3957 gat.”
351 3872 451 3935 SCH.

281 3971 361 4051 βαθὺ
389 3980 493 4052 πτῶμα
527 3973 716 4055 μαρτυροῦσά
744 3973 807 4058 μοι]
838 3976 927 4059 Apte
956 3985 1117 4059 comparat
1147 3975 1342 4041 Abreschius

239 4072 386 4136 Juvenal.
411 4074 477 4136 Sat.
497 4094 549 4150 10,
569 4077 639 4138 106.
665 4076 811 4139 Encelsoe
833 4079 934 4138 turris
958 4076 1111 4154 tabellam,
1133 4080 1216 4143 τιιιιίο
1244 4080 1342 4143 altior

236 4184 315 4239 eracl
331 4175 444 4250 casae,
460 4185 489 4240 et
503 4178 649 4263 impulso
660 4200 801 4264 preceps
816 4180 952 4241 immane
965 4180 1082 4244 rainer.
1107 4183 1209 4246 SCH.

284 4277 357 4359 798.
387 4277 639 4364 πρὶν-κυρῆσαι]
668 4288 835 4364 antequam
859 4279 961 4342 invito
985 4281 1092 4343 animo
1120 4283 1156 4344 in
1187 4282 1341 4346 violentas

235 4388 316 4451 istos
344 4389 477 4475 eruption
506 4388 655 4451 incidam.
702 4387 888 4451 Scholiastes
914 4388 1009 4452 verba
1035 4387 1077 4452 sic
1101 4390 1230 4476 jungit:
1269 4391 1339 4471 πρὶν

234 4486 331 4568 γάμον
347 4492 468 4570 κυρῆσαι
482 4490 536 4575 βίη
551 4486 703 4570 δαΐκτορος
717 4489 845 4570 καρδίας,
861 4498 1029 4577 deiloquam
1043 4491 1080 4552 in
1102 4495 1234 4580 nuptias
1255 4495 1335 4557 inci-
