2984 5054
273 323 338 393 396
636 330 1012 396 ANNOTATIONES

274 515 404 578 goreum
420 494 481 558 fnit
495 494 639 578 χελιδόνα
651 497 692 576 μὴ
707 497 908 581 εἰσδέχεσθαι,
923 499 1008 584 quod
1030 499 1161 562 Proclus
1182 498 1215 560 in
1239 495 1372 560 Hesiod.

274 616 306 680 p.
330 597 401 658 160.
424 594 468 659 ita
490 596 643 683 explicat3
667 599 817 681 φλυαροὺς
840 599 881 679 μὴ
904 598 1037 681 είσάγειν
1062 602 1104 666 είς
1128 600 1181 662 τδν
1207 598 1299 675 οἶκον,
1324 599 1372 661 καὶ

273 696 395 764 λάλους.
430 698 594 784 Aristoph.
610 701 692 763 Ran.
708 720 761 784 93.
782 723 819 763 ex
844 700 1008 787 Euripidis
1028 700 1189 776 Alcmena,
1205 698 1372 784 χελιδόνων

271 805 408 876 μουσεῖα.
434 815 465 862 et
491 802 564 883 678.
589 800 792 887 Cleophontis
814 801 979 867 dictionem
1004 802 1199 890 peregrinam
1222 801 1369 888 perstrin-

270 922 358 986 gens,
380 900 427 982 ἐφ’
450 904 485 966 οὗ
507 903 542 982 δὴ
563 906 700 986 χείλεσιν
722 902 904 984 ἀμφιλάλοις
925 905 1024 968 δεινὸν
1046 905 1237 986 ἐπιβρέμεται
1252 904 1370 989 Θρῃκία

270 1006 400 1086 χελιδὼν
416 1006 464 1069 ἐπὶ
478 1003 636 1087 βάρβαρον
652 1005 772 1085 ἑζομένη
789 1006 931 1069 πέταλον·
956 1006 1011 1071 ubi
1030 1007 1095 1070 vid.
1110 1005 1248 1071 Brunclt.
1266 1008 1369 1069 Hero-

267 1103 332 1169 dot.
349 1125 380 1183 2,
396 1123 448 1190 57.
472 1111 502 1172 ol
524 1115 671 1189 γυναῖκες,
687 1105 761 1171 διότι
781 1105 933 1189 βάρβαροι
954 1109 1043 1189 ἦσαν,
1068 1107 1187 1173 έδόκεόν
1204 1118 1261 1190 σφι
1280 1110 1368 1187 όμοια

270 1207 368 1288 ὄρνισι
382 1209 577 1291 φθέγγεσθαι.
602 1211 776 1273 BLOMF.

316 1329 411 1394 1052.
436 1312 496 1375 ἔσω
512 1314 599 1395 (εἴσω
615 1309 833 1393 Blomfieldus)
850 1318 969 1392 φρενῶν
983 1311 1118 1394 λέγουσα
1131 1313 1235 1397 πείθω]
1251 1314 1368 1376 Versus

268 1427 446 1497 corruptus.
469 1411 614 1494 λέγουσα,
641 1412 728 1477 πεῖθέ
750 1438 797 1477 νιν
818 1415 901 1497 λόγῳ
927 1412 1096 1477 Elmsleius
1119 1413 1150 1476 in
1173 1412 1365 1499 Edinburgh

271 1509 398 1572 Review
413 1513 474 1575 vol.
494 1531 541 1594 19.
556 1534 588 1597 p.
605 1513 656 1574 81.

314 1629 406 1696 1053.
423 1616 460 1676 τδ
474 1617 579 1698 λῷστα
593 1619 652 1677 τῶν
665 1615 876 1695 παρεστώτων.
912 1614 1039 1699 Optima
1053 1635 1160 1677 corum
1173 1635 1247 1700 quae
1260 1615 1296 1675 ι’τι
1311 1614 1367 1677 doc

266 1734 374 1776 rerum
388 1724 474 1778 statu
484 1717 567 1799 ficri
584 1725 729 1800 possunt.
768 1714 929 1778 Prometh.
947 1733 1021 1793 224.
1038 1715 1179 1796 κράτιστα
1193 1714 1228 1793 δή
1241 1740 1292 1794 μοι
1306 1721 1366 1780 τῶν

266 1818 463 1897 παρεστιότυν
479 1821 543 1881 τότε
557 1815 709 1897 Ἐφαίνετ’
727 1816 812 1879 εἶναι.
838 1815 1011 1879 BLOMF.

312 1938 405 2002 1054.
430 1920 545 2004 πείθου]
576 1917 775 1982 Probabilius
803 1935 850 1981 est
877 1922 975 1991 πιθοῦ,
1006 1918 1092 2004 quod
1122 1919 1225 2003 posuit
1256 1918 1363 1982 Blom-

265 2017 385 2081 fieldus

312 2141 406 2206 1055.
422 2123 559 2206 θυραίαν]
577 2125 681 2207 θυροίιρ
697 2120 831 2186 Casaub.
869 2120 932 2185 Sed
953 2135 1036 2185 recte
1051 2144 1084 2183 se
1104 2119 1200 2187 habet
1213 2124 1363 2187 accusati·
1405 2169 1409 2175 .

266 2245 333 2301 vus,
361 2224 424 2286 sive
449 2224 488 2287 ad
517 2223 719 2302 Casandram,
745 2222 809 2285 sive
831 2221 872 2285 ad
900 2221 1171 2308 Clytaemnestram
1200 2224 1363 2290 referatur.

266 2324 428 2388 Prometh.
455 2345 525 2407 224.
551 2327 693 2406 κρατίστα
713 2323 748 2403 δή
762 2350 812 2404 μοι
830 2330 888 2387 τῶν
906 2325 1105 2405 παρεστώτων
1125 2326 1192 2387 τότε
1210 2323 1363 2406 Ἐφαίνετ’

267 2425 352 2504 εἶναι,
365 2428 582 2508 προσλαβόντα
595 2426 758 2507 μητέρα-η
780 2424 923 2512 Choeph.
934 2425 1009 2504 408.
1024 2423 1174 2487 πέπαλται
1189 2424 1213 2488 δ’
1230 2427 1300 2490 αὖτέ
1313 2453 1364 2507 μοι

266 2531 359 2610 φίλον
372 2534 434 2611 κῆρ,
451 2530 537 2592 τόνδε
552 2530 701 2592 κλύουσαν
716 2528 824 2592 οἶκτον.
846 2527 919 2591 Vid.
936 2523 1075 2589 Brunck.
1092 2525 1132 2589 ad
1149 2527 1294 2613 Sophocl.
1310 2529 1362 2593 ΕΙ.

263 2648 340 2714 479.
365 2634 490 2716 Musgr.
505 2630 544 2693 ad
568 2631 682 2716 Eurip.
706 2629 797 2692 Med.
812 2631 864 2713 58.
888 2626 1001 2692 Elmsl.
1016 2627 1056 2690 ad
1081 2626 1161 2690 OEd.
1175 2630 1216 2691 T.
1234 2650 1307 2714 913·
1331 2646 1364 2694 et

264 2731 304 2794 ad
322 2733 448 2797 Heracl.
466 2737 538 2816 693.
578 2731 756 2794 Fatendum
775 2746 876 2794 tamen
892 2743 939 2793 est
952 2728 1162 2792 accusativum
1179 2729 1210 2792 in
1226 2730 1274 2794 his
1288 2730 1363 2797 locis

264 2834 360 2897 verbo
382 2834 546 2921 postponi3
571 2856 669 2953 unare
690 2835 813 2913 θυραίαν
838 2832 877 2895 ad
906 2829 1097 2894 Casandram
1121 2831 1203 2894 forte
1228 2832 1362 2896 referen-

263 2932 350 2998 dum.
393 2935 475 2999 Olim
493 2932 672 3019 suspicabar
684 2932 864 3018 legendnm,
876 2933 956 2996 οὔτοι
971 2934 1095 3012 θυραίαν
1108 2930 1168 3011 τῇδ’
1185 2933 1250 3012 έμοί
1264 2937 1362 3017 σχολὴ

262 3035 344 3116 πάρα
357 3035 596 3122 Τρίβειν.-πῇδ’
612 3035 703 3099 etiam
720 3033 936 3120 Musgravius.
954 3033 1129 3097 BLOMF.
1155 3034 1361 3100 Scribcndum

263 3135 324 3223 τῇδ’
337 3160 408 3200 cum
425 3137 612 3223 Musgravio
623 3152 654 3200 et
669 3138 793 3218 θυραίαν
807 3135 847 3199 de
859 3137 1099 3222 Clytaemnestra
1113 3134 1360 3222 intelligendum.

264 3239 317 3301 De
332 3239 492 3303 Casandra
506 3239 531 3302 si
545 3238 708 3326 accipitur,
723 3238 863 3324 ineptum
880 3239 916 3301 fit
930 3237 1060 3301 verbum
1076 3240 1200 3318 τρίβειν.

310 3344 403 3426 1056.
419 3344 504 3406 ἑστία
515 3340 726 3427 μεσόμφαλος]
742 3341 845 3404 Focus
856 3341 959 3403 medio
971 3340 1060 3403 domo
1069 3361 1227 3405 accensus.
1251 3343 1364 3410 Innuit

264 3465 348 3507 aram
375 3444 447 3511 Διδς
468 3441 613 3524 Ἑρκείου.
653 3441 755 3507 Schol.
777 3444 886 3507 Venet.
909 3440 941 3505 iu
970 3439 1062 3504 Iliad.
1085 3447 1128 3505 Π.
1146 3459 1216 3527 231.
1239 3446 1304 3508 έπεὶ
1330 3449 1363 3511 έν

264 3548 348 3631 μέσῳ
370 3552 422 3610 τοΰ
443 3549 524 3610 οίκου
545 3544 680 3627 Ἑρκείου
696 3545 769 3610 Διὸς
784 3543 887 3623 βωμὸς
909 3545 1032 3623 ἵδρυται,
1047 3551 1222 3624 μεσερκεῖον
1237 3551 1363 3609 καλοῦσι

262 3649 316 3713 τὸν
340 3651 411 3712 Δία.
450 3647 685 3734 Neoptolemus,
708 3659 785 3709 teste
806 3643 940 3708 Arctino
962 3642 1049 3726 apud
1070 3643 1216 3706 Proclum
1236 3666 1268 3728 p.
1282 3647 1358 3724 484.

263 3752 430 3814 ἀποκτείνει
452 3751 599 3830 Πρίαμον,
625 3749 673 3811 ἐπὶ
695 3754 747 3810 τοῦ
772 3747 846 3813 Διὸς
868 3751 920 3809 τοῦ
943 3743 1079 3825 Ἑρκείου
1100 3744 1204 3823 βωμὸν
1228 3754 1358 3826 καταφυ-

262 3854 364 3933 γόντα.
381 3856 427 3930 (ct
442 3849 484 3911 sic
498 3847 612 3933 Eurip.
629 3850 706 3910 Tro.
726 3849 793 3931 τό.)
829 3849 910 3911 Hoec
931 3858 1036 3909 autem
1059 3866 1121 3922 ara,
1140 3843 1243 3928 inquit
1257 3845 1356 3931 Virgi-

262 3952 323 4015 lius
345 3952 421 4013 AEu.
439 3968 469 4026 2,
489 3967 563 4032 512.
581 3949 720 4012 AEdibus
740 3948 771 4012 in
792 3947 902 4011 mediis
919 3950 1062 4031 credoque
1075 3944 1134 4007 sub
1153 3944 1277 4008 oelltcris
1298 3970 1360 4010 occ

262 4056 384 4141 Ingens
398 4072 459 4113 ατο
460 4052 548 4134 ficit.
579 4049 650 4111 Vid.
668 4049 846 4113 Schneider.
862 4047 1017 4133 Epimetr.
1032 4043 1073 4108 ad
1090 4045 1241 4132 Xenoph.
1258 4049 1358 4115 Mem.

261 4179 294 4243 p.
312 4172 384 4237 274.
401 4152 495 4216 ovid.
514 4150 646 4214 Heroid.
666 4168 695 4233 7,
714 4171 760 4235 ¹3·
780 4150 900 4213 Occidit
914 4150 1057 4210 tutemus
1070 4150 1188 4231 conjux
1202 4161 1358 4215 mactatus

259 4259 302 4323 nd
316 4277 402 4320 orac.
427 4253 479 4317 ubi
496 4255 537 4316 N.
555 4251 705 4315 Heinsius
719 4253 792 4316 citat
815 4272 854 4312 ex
878 4248 970 4312 Ibide
984 4248 1024 4310 de
1045 4249 1183 4327 Priamo,
1201 4254 1263 4316 Cui
1279 4255 1362 4318 raidil

259 4363 377 4427 Hercei
386 4356 513 4444 prcfiu‘t
527 4377 587 4417 στα
601 4356 702 4417 Jovis.
738 4356 885 4417 Ceterum
903 4373 993 4414 voces
1006 4353 1204 4432 μεσόμφαλος
1219 4358 1304 4419 ἑστία
1319 4357 1358 4420 de

258 4487 312 4528 ara
327 4458 480 4546 Delphica
496 4456 600 4543 posuit
615 4454 785 4541 Euripides
801 4453 870 4515 Ion.
888 4455 961 4532 462.
986 4453 1149 4518 BLOMF
