2984 5054
511 358 578 422 ΑΙ)
602 357 872 421 SUPPLICES.
1179 353 1244 421 629

144 521 297 608 scriptura
322 538 469 609 corrupta
491 523 606 604 πράξαν
631 546 668 586 ex
693 524 744 585 M.
770 520 876 586 Guels.
899 520 975 585 ΑΜ.
1000 522 1083 584 Rob.
1106 520 1246 604 πρόπραξ

144 639 303 688 enotatunr
320 649 359 688 ex
375 627 447 688 Par.

189 728 261 813 831.
277 729 311 806 ἠὲ
325 728 371 812 ἠὲ]
388 731 413 791 li
429 730 455 791 δὲ
471 726 554 790 Rob.
573 726 682 812 steph.

189 828 261 913 835.
285 830 421 911 δύσφορα
443 830 494 893 ναὶ
511 829 566 893 κδν
581 833 621 912 γᾷ
637 830 685 891 Μ.
703 827 786 891 Rob.
803 826 912 912 Steph.
937 828 1091 908 δύσφορον
1106 827 1137 890 αἲ
1152 826 1176 891 κ’
1192 830 1244 909 γαὶ

146 930 254 994 Guelf.
277 933 432 1012 δύσφορον
447 931 479 994 c'd
492 931 546 994 κᾶν
561 937 616 1013 γαῖ
627 930 704 993 ΑΜ.
728 932 880 1011 δύσφορον
895 929 946 993 ναί
958 930 1013 993 κᾶν
1027 932 1067 1013 γᾷ
1084 932 1187 993 Turn.

190 1032 263 1117 836.
287 1033 373 1117 ἄναξ]
398 1033 579 1111 Scholiasta,
599 1031 795 1113 ὀιΠελασγέ,
813 1032 869 1112 πρὸ
893 1033 974 1110 ἡμῶν
993 1032 1169 1112 παράταξαι.
1191 1039 1244 1115 γαῖ

147 1136 228 1215 (γαῖ’
245 1134 368 1217 Guelf.)
393 1134 471 1212 ἅναξ
489 1136 538 1197 Μ.
554 1133 663 1198 Guelf.
680 1132 756 1196 Ald.
778 1133 861 1195 Rob.
885 1134 970 1218 quod
994 1132 1041 1195 vel
1065 1157 1105 1196 ex
1127 1157 1242 1220 praece·

144 1233 238 1298 dente
260 1236 298 1318 γᾷ
321 1235 487 1322 repetitum
503 1238 552 1299 vel
573 1258 612 1299 ex
635 1235 705 1307 δάϊ’,
722 1256 792 1297 cunr
813 1233 914 1297 verbis
936 1234 1147 1321 superioribus
1168 1259 1242 1300 con-

140 1336 317 1423 jungendo,
333 1352 436 1400 ortum
453 1362 517 1400 esse
532 1352 643 1423 potest.

189 1440 260 1526 837.
284 1441 363 1506 ὀπως
384 1438 498 1525 ποδῶν]
524 1438 714 1503 Sententiam
739 1437 875 1525 explevit
901 1437 1073 1516 scholiasta,
1097 1442 1135 1507 ὡς
1157 1441 1243 1523 ἔχετε

144 1543 252 1626 τάχους
266 1547 373 1606 ποδῶν.

189 1646 262 1730 838.
286 1645 392 1709 οὐκοῦν
414 1644 690 1727 οὐκοῦν-κρατός]
710 1643 742 1706 Si
758 1661 840 1706 recte
855 1642 922 1707 haec
937 1643 1031 1707 choro
1048 1644 1242 1722 tribuuntur,

144 1770 251 1811 sensus
266 1762 329 1811 est:
355 1750 449 1833 Ergo
463 1770 520 1810 noa
532 1757 658 1810 monent
668 1747 852 1833 cupillomm
866 1747 1033 1823 vulsiones,
1044 1749 1241 1830 punctiones,

144 1862 274 1916 ατιιειιία
299 1852 424 1936 letifera
452 1854 566 1938 capitis
592 1851 749 1913 abscissio
796 1848 981 1913 Scholiastes
1006 1863 1109 1913 autern
1137 1849 1167 1912 in
1196 1849 1244 1912 his

144 1954 296 2040 praeconis
312 1954 409 2018 tninas
421 1953 595 2018 continuari
610 1950 805 2016 existimavit.
841 1952 923 2014 Nam
939 1951 1121 2014 adverbium
1138 1953 1245 2015 ούκοΰν

145 2056 188 2120 sic
202 2058 351 2144 exponit:
377 2060 454 2124 ἰδίως
468 2062 564 2130 τοῦτο,
581 2057 646 2119 ἀντὶ
660 2061 722 2128 τοῦ,
740 2057 767 2119 εἰ
780 2057 812 2117 δὲ
827 2054 875 2133 μή.

190 2160 263 2243 839.
278 2159 424 2222 Alterum
440 2161 538 2238 τιλμοὶ
552 2181 613 2221 orn.
632 2155 715 2220 Rob.

191 2262 263 2341 842.
286 2262 430 2338 ὀλόμεναι
449 2259 568 2337 ὀλόμεν’
584 2282 623 2321 ex
638 2260 742 2321 Turn.
757 2273 788 2321 et
805 2258 914 2344 Steph.
930 2257 1118 2321 editionibus
1132 2282 1245 2344 propa-

145 2377 253 2448 gatum
277 2377 333 2424 est.
358 2362 501 2440 ὀλύμεναι
522 2361 633 2439 ὀλόμεν
651 2361 701 2422 Μ.
725 2361 868 2438 ὀλύμεναι
891 2358 1010 2440 ὀλύμεν’
1030 2359 1137 2423 Guels.
1160 2364 1242 2424 ὀλοί·

144 2489 232 2544 μενοι
246 2461 366 2540 ὀλύμεν’
383 2462 460 2524 Ald.
483 2463 647 2540 ὀλλύμεναι
662 2459 841 2546 simpliciter
856 2461 940 2523 Rob.

190 2567 263 2646 842.
281 2566 352 2646 847.
374 2561 521 2626 Ridiculo
535 2584 638 2626 errore
652 2563 683 2624 in
699 2560 784 2626 libris
799 2564 888 2641 ὀμιδα
902 2561 1063 2646 scripturn,
1078 2561 1163 2647 quod
1181 2585 1241 2626 non

143 2680 274 2754 apparet
285 2665 444 2753 quomodo
455 2688 564 2728 navem
577 2664 749 2750 significare
760 2663 865 2751 possit.
883 2663 980 2743 ἇμόδα
992 2662 1112 2749 scripsit
1126 2663 1244 2727 Schue-

146 2768 236 2844 tzius‚
262 2791 335 2853 quae
361 2767 539 2854 conjectura
567 2769 675 2853 Etym.
703 2768 751 2830 Μ.
783 2789 813 2851 p.
844 2784 897 2850 75,
925 2783 974 2828 22.
1003 2764 1105 2827 verbis
1135 2763 1243 2828 nititur

146 2868 246 2933 alieno
262 2868 329 2932 loco
344 2893 368 2932 ς.
384 2894 414 2933 v.
428 2868 570 2950 Ἃμάδιος
583 2868 686 2941 illatis,
702 2868 801 2948 δμάδα
815 2868 868 2946 τὴν
883 2871 956 2930 ναῦν
972 2867 1133 2948 Αἰσχύλος.
1153 2866 1245 2952 cujus

146 2972 257 3056 glossa
272 2995 375 3035 veram
392 2973 578 3057 scripturam
593 2970 726 3035 servavit
742 2969 933 3058 Hesychius,
950 2972 1068 3050 dpoho:
1096 2972 1149 3049 τὴν
1172 2976 1246 3035 ναῦν

148 3073 206 3136 ὀπδ
222 3078 274 3136 τοῦ
289 3075 367 3154 ἆμίιν
381 3074 435 3151 τὴν
450 3075 519 3136 ὀλο.
543 3076 694 3155 Αἰσχύλος
709 3079 828 3153 Πρωτεῖ
841 3076 996 3157 σατυρικῷ.

192 3175 265 3257 843.
282 3172 332 3237 εἶτ’
344 3175 416 3258 dna]
435 3173 469 3237 ἴτ’
487 3176 545 3236 unu
561 3173 724 3237 Stanieius
748 3174 852 3238 είθάνα
868 3174 917 3236 Μ.
934 3176 987 3236 εἰτ’
1002 3175 1060 3236 dna
1075 3173 1141 3255 (sic)
1161 3174 1244 3238 Rob.

147 3275 197 3340 εἴτ’
214 3278 273 3340 tina
288 3274 396 3361 Steph.
420 3274 518 3338 ὀθόνα
533 3275 609 3338 Ald.
626 3277 729 3337 Turn.

191 3379 385 3463 πολύρρντον]
401 3380 589 3459 πολύρρογον
604 3376 682 3440 ΑΜ.
697 3400 735 3440 ex
757 3400 821 3462 quo
840 3377 1034 3457 πολύρρωγον
1049 3376 1123 3441 fecit
1139 3378 1244 3440 Turn.

147 3485 248 3546 Recte
278 3480 478 3545 Welhtuerus
513 3482 689 3560 πολύρυτον.
748 3478 916 3543 Manifeste
947 3478 1028 3541 enirn
1059 3479 1109 3543 hic
1138 3503 1246 3543 versus

146 3583 312 3669 respondet
328 3582 551 3668 antistrophico
566 3584 640 3666 854.

192 3690 265 3772 845.
283 3685 444 3771 δεσποσίῳ]
461 3688 611 3768 θεσπεσίῳ
628 3685 732 3747 Turn.
755 3684 930 3768 δεσποσύνῳ
947 3682 1136 3769 Stephanus.

190 3788 287 3872 ὕβρει]
302 3790 372 3868 ύβρι
387 3787 464 3851 Ald.

191 3893 265 3974 846.
289 3891 353 3970 δορὶ
374 3888 409 3954 δι’
425 3889 510 3973 ὅλου]
528 3887 733 3952 Scribendunt
749 3884 828 3968 δόρει
846 3890 953 3952 διύλον
973 3910 1043 3951 cum
1061 3889 1246 3952 Hermanno

147 3994 232 4081 apud
254 3993 454 4057 Erfurdtium
478 3993 518 4056 ad
543 3991 639 4078 Soph.
656 3990 748 4077 Ajac.
769 4013 801 4077 p.
818 3991 891 4054 628.
937 3991 1120 4078 Respondet
1140 4014 1247 4055 versus

149 4098 221 4180 857.

192 4198 266 4278 847.
287 4200 381 4277 αίμον’
401 4200 451 4276 ἵζω
472 4197 499 4261 σ’
524 4199 626 4260 Turn.
651 4194 760 4282 Steph.
783 4217 820 4257 ex
841 4193 1040 4258 annotatione
1065 4193 1245 4272 scholiasta,

146 4297 320 4380 ᾑμαγμένον
334 4325 371 4362 σε
387 4301 501 4377 καθίζω.
525 4303 644 4378 αἵμονες
659 4301 697 4365 ὡς
713 4301 762 4362 Μ.
779 4300 851 4361 Par.
869 4296 977 4360 Guelf.
995 4296 1070 4359 ΑΜ.
1088 4297 1172 4360 Rob.

193 4402 265 4480 848.
280 4400 400 4484 τότιτα]
415 4401 522 4463 τάπιτα
538 4402 586 4464 Μ.
604 4399 685 4462 Βοδ.
702 4399 725 4461 τ’
742 4403 832 4464 ὀτιτα
844 4399 920 4463 ΑΜ.
947 4400 1059 4484 Inepte
1074 4398 1246 4475 scholiasta,

149 4500 285 4582 ὀπιόντα,
301 4505 375 4566 κατὰ
390 4500 552 4584 σνγκοπήν.
