2984 5054
500 1107 1083 1193 CHOEPHORAE⁸.

683 1355 902 1405 *⁸¹⁴¹*-

661 1548 924 1643 Arpumentcm.

245 1741 599 1824 Acunnnuonu
621 1780 702 1824 caeso
720 1760 805 1824 filius
824 1761 893 1846 ejus
908 1761 1034 1822 orares
1053 1775 1203 1820 unacum
1221 1753 1347 1839 Pylade

245 1862 352 1944 Argos
371 1881 512 1922 reversus
534 1881 633 1923 unum
654 1882 752 1924 ccmoe
773 1861 949 1925 cincinnum
968 1857 1089 1922 Inacho
1103 1855 1212 1933 fluvio,
1227 1855 1349 1942 gratias

245 1983 304 2047 pro
325 1959 496 2024 nutritione
518 1960 683 2037 relaturus,
702 1961 834 2026 alterum
859 1962 890 2023 in
915 1959 1012 2047 patris
1039 1958 1162 2023 tumulo
1184 1957 1289 2023 luctus
1313 1973 1346 2021 et

245 2062 370 2126 honoris
391 2084 484 2125 causa
505 2077 614 2126 sacrat.
658 2061 806 2126 Eundem
827 2062 867 2127 ad
885 2061 1044 2126 tumulum
1058 2059 1203 2126 convenit
1214 2057 1348 2122 Electra

244 2185 316 2227 cum
337 2161 467 2241 ancillis,
487 2162 604 2247 quibus
619 2162 870 2248 Clytaemnestra,
885 2163 1022 2227 infausto
1044 2162 1164 2226 somnio
1182 2161 1346 2238 exterrita,

244 2264 304 2329 hoc
319 2264 435 2352 negotii
450 2264 588 2344 dederat,
605 2278 641 2329 ut
654 2263 831 2350 sepulcrum
854 2263 937 2350 regis
953 2278 1060 2328 manes
1080 2263 1150 2350 ejus
1171 2261 1348 2349 placaturoe

243 2366 362 2431 inferiis
375 2366 572 2432 honorarent.
617 2367 708 2444 Quae,
723 2364 938 2429 secedentibus
954 2363 1079 2429 interim
1095 2366 1207 2428 Oreste
1227 2376 1259 2426 et
1275 2363 1346 2448 Py·

244 2466 326 2545 lade,
341 2467 421 2532 male
437 2467 686 2554 Clytaemnestrae
701 2465 914 2551 AEgisthoque
928 2483 1116 2552 precantum
1141 2463 1259 2551 quibus
1272 2485 1347 2550 pre-

244 2568 334 2632 cibus
348 2568 529 2653 inferiisque
542 2567 692 2631 absolutis
702 2568 829 2630 Electra
844 2590 862 2630 e
875 2565 1008 2630 cincinni
1022 2566 1054 2629 in
1070 2564 1194 2630 tumulo
1208 2565 1346 2652 depositi

243 2667 509 2753 vestigiorumque
523 2666 624 2729 forma
638 2666 780 2729 Orestem
796 2665 847 2730 hic
860 2665 985 2731 affuisse
998 2680 1185 2752 auguratur.
1209 2666 1347 2731 Accedit

242 2768 342 2854 igitur
355 2768 462 2842 frater,
477 2788 654 2852 magnoque
667 2787 739 2830 cum
759 2765 876 2850 gaudio
890 2768 1035 2853 cognitus
1056 2787 1121 2832 una
1142 2789 1215 2831 cum
1237 2789 1346 2832 sorore

243 2881 276 2932 et
296 2867 392 2932 choro
408 2867 509 2930 diram
524 2866 772 2953 Agamemnonis
793 2888 897 2931 necem
920 2867 1075 2954 deplorat,
1094 2868 1226 2954 ejusque
1249 2868 1346 2933 ulcis·

242 2968 350 3034 cendae
371 2969 532 3033 consilium
555 2968 693 3055 exponit.
739 2970 851 3032 Sumto
868 2968 1012 3033 nimirum
1029 2969 1154 3034 viatoris
1168 2993 1186 3034 e
1201 2970 1346 3036 Phocide

244 3057 424 3135 Dauliensis
439 3069 557 3147 habitu,
573 3069 691 3133 accedit
705 3068 746 3132 ud
761 3068 889 3155 regiam,
900 3085 1069 3155 narratque
1084 3071 1176 3136 sibia
1193 3073 1346 3159 Strophio

244 3171 398 3236 Phocensi
413 3172 594 3235 mandatum
614 3192 690 3246 esse,
708 3183 743 3234 ut
758 3168 877 3234 Orestis
896 3184 1029 3235 mortem
1050 3173 1235 3258 parentibus
1256 3196 1343 3239 nun·

244 3273 344 3338 tiaret.
386 3274 410 3337 J
412 3296 461 3337 am
476 3295 496 3336 a
510 3273 750 3358 Clytaemnestra
764 3268 898 3356 henigne
912 3285 1057 3358 acceptus
1072 3273 1103 3336 in
1126 3274 1274 3361 aedesque
1294 3278 1344 3342 in·

243 3375 415 3453 tremissas,
442 3373 578 3461 primum
605 3369 790 3457 AEgisthum
822 3372 930 3456 (quem
961 3371 1201 3459 Clytaemnestra
1230 3380 1345 3444 arcessi

238 3478 390 3564 jusserat)
417 3477 448 3540 in
474 3474 607 3551 aedibus,
630 3471 743 3536 deinde
771 3470 870 3556 ipssm
899 3494 1027 3558 quoque
1054 3473 1344 3562 Clytaemnestram,

241 3579 360 3643 frustra
388 3579 456 3665 ejus
484 3576 630 3662 pietatem
660 3595 696 3637 ac
721 3571 961 3636 misericordiam
983 3573 1215 3660 implorantem,
1241 3597 1344 3648 necat.

244 3682 295 3744 Ac
313 3679 449 3765 primum
469 3675 596 3761 quidem
619 3673 678 3736 hoc
699 3671 834 3736 facinore
856 3671 947 3737 laetus
968 3696 1004 3738 ac
1025 3676 1126 3757 ferox,
1142 3679 1249 3766 paullo
1270 3699 1346 3767 post

243 3782 390 3844 maternis
404 3778 494 3843 furiis
510 3776 657 3862 agitatus,
672 3796 708 3836 ac
729 3773 769 3837 de
790 3787 873 3838 statu
895 3775 1008 3839 mentis
1026 3776 1179 3865 dejectus,
1197 3782 1345 3869 Delphos

243 3879 395 3965 profugit,
415 3878 448 3940 in
467 3873 626 3962 Apollinis
647 3872 777 3936 tutelam
799 3897 831 3937 se
854 3874 1039 3956 traditurus,
1058 3881 1099 3945 ab
1120 3906 1222 3969 eoque
1243 3887 1345 3972 parri.

270 4116 285 4146 ·
296 4107 452 4156 Scribandum
460 4106 540 4168 potius
549 4104 705 4168 Choephorm,
714 4105 771 4167 quin
781 4105 815 4153 sic
823 4104 906 4154 latini
913 4106 1045 4159 efferebant
1053 4111 1195 4162 Gracarnm
1202 4115 1345 4167 fabularum

242 4189 325 4239 titulos
341 4189 367 4236 in
384 4207 405 4236 οι
422 4187 565 4236 desinentes.
603 4186 721 4248 Exemplo
737 4187 769 4236 sit
785 4187 900 4249 Adelphos
923 4189 1298 4254 rmnnapuunomt.1²mt.
1316 4201 1344 4249 in

244 4270 342 4318 Terent
361 4267 480 4330 Adelphos
497 4284 520 4329 p.
541 4280 564 4314 2.
585 4268 622 4315 ed.
642 4267 731 4316 Zeuna
752 4269 904 4330 Canephoros
919 4269 982 4318 dixit
1000 4271 1084 4322 Cicero
1100 4274 1171 4323 Vcrr.
1190 4274 1214 4337 6,
1232 4279 1257 4326 8.
1276 4282 1345 4329 unde

243 4350 369 4397 manifesto
385 4348 537 4396 scribendum
554 4348 580 4395 in
596 4363 616 4396 c.
632 4362 654 4411 3.
674 4348 820 4410 Canephoros
836 4365 879 4410 pro
894 4350 1058 4412 Canephcraer
1076 4355 1125 4401 vid.
1138 4355 1267 4406 Pacciolati
1280 4358 1343 4408 Lex.

240 4431 268 4479 ln
279 4445 344 4479 vocs.
363 4427 492 4477 Bootis.
528 4429 674 4477 Clentmcm
684 4430 748 4492 apud
762 4429 876 4478 Plautum
888 4431 981 4480 cntra
994 4432 1088 4495 Prolog.
1100 4448 1141 4495 ³¹·
