2984 5054
269 319 334 382 554
629 318 1006 383 ANNOTATIONES

313 502 354 563 47
359 502 389 567 3.
405 484 599 567 κατηρτυκὼς]
617 485 714 565 φόνον
727 483 872 571 intelligit
887 483 1032 548 Bothius.
1068 484 1182 570 Inepte
1196 480 1369 557 scholiasta,

271 582 385 651 τέλειος
406 584 461 664 τὴν
478 586 605 664 ἡλικίαν·
627 590 713 650 τοῦτο
728 588 761 650 δὲ
776 585 834 649 ἀπὸ
849 592 907 649 τῶν
920 584 1010 671 ζῴων.
1033 586 1118 673 quod
1141 585 1218 649 nihil
1241 585 1281 649 ad
1305 606 1370 648 rem

270 685 356 750 facit.

259 856 264 865 ,
316 789 407 873 ὅμως]
433 789 586 855 Vitiosum
610 813 675 854 esse
694 791 772 870 ὅμως
794 789 1014 855 animadvertit
1037 789 1197 868 Pauwius,
1213 789 1268 876 qui
1290 791 1371 869 ἐμοῖς

275 890 426 954 correxit:
450 907 542 969 recte,
565 890 622 955 nisi
644 891 839 956 accusativus
861 890 973 978 aliquis
995 891 1072 956 latet
1092 914 1165 955 cum
1189 892 1371 973 comprenda

273 993 468 1079 conjunctus.
494 996 673 1075 κατηρτυκὼς
688 996 804 1074 νόμους,
818 995 935 1058 ritihus
950 995 1154 1081 peffcmctaa,
1168 992 1369 1057 Wieselerus.

274 1093 473 1158 Probabilius
485 1095 567 1159 foret
586 1098 766 1178 κατηρτυκὼς
780 1097 870 1182 νόμῳ,
886 1096 911 1160 si
927 1099 1108 1178 κατηρτυκὼς
1121 1119 1180 1183 pm
1195 1094 1371 1176 κατηρτυμέ-

274 1220 325 1262 νος
338 1193 399 1258 dici
414 1218 503 1281 posse
517 1196 687 1275 videretur,
702 1197 787 1282 quod
811 1197 933 1284 putavit
956 1197 1140 1261 Schuetzius
1154 1197 1210 1284 qui
1232 1222 1370 1277 κατηρτυ-

274 1297 330 1363 κὼς
344 1298 422 1364 ὅπως
439 1297 534 1378 ἱκέτης
548 1299 669 1386 scripsit
680 1321 751 1364 cum
769 1299 919 1378 Heathio,
934 1299 992 1364 hoc
1010 1322 1112 1378 sensu,
1126 1299 1280 1387 supplicis
1300 1299 1370 1361 τίθει

269 1397 454 1462 adornatas.

313 1521 388 1584 474.
403 1504 480 1566 Post
495 1504 595 1583 δόμοις
608 1503 696 1567 colon
711 1503 760 1567 vel
774 1525 895 1569 comma
909 1518 1053 1590 ponatur.

314 1621 390 1688 475.
407 1605 484 1683 ὅμως
498 1603 522 1669 δ’
538 1605 678 1686 ἄμομφον
692 1607 766 1669 ὄντα
780 1605 808 1668 α’
824 1608 960 1687 αἱροῦμαι
972 1606 1075 1689 πόλει]
1093 1606 1209 1669 Versus
1224 1603 1366 1691 spurius:

272 1726 365 1790 quem
380 1705 435 1792 qui
451 1705 572 1792 scripsit
590 1708 727 1787 αἱροῦμαι
748 1705 838 1770 metri
860 1706 1040 1770 necessitate
1058 1706 1189 1772 adactus
1211 1729 1268 1793 pro
1283 1706 1369 1791 δίχα·

271 1833 325 1888 μοι
352 1808 467 1894 posuit,
494 1808 579 1894 quod
606 1807 788 1872 sententiam
814 1809 972 1896 postulare
997 1808 1090 1873 sensit
1115 1808 1289 1888 scholiasta,
1311 1807 1368 1895 qui

272 1909 417 1995 explicat,
431 1911 555 1994 δέχομαι
571 1913 604 1975 έν
619 1915 653 1990 τῇ
668 1911 766 1974 πόλει.

313 2015 388 2092 476.
405 2012 509 2095 έχουσι
524 2014 575 2075 Μ.
592 2011 677 2074 Rob.
702 2011 826 2093 έχουσαι
839 2009 910 2074 libri
925 2009 1047 2096 reliqui.

314 2121 421 2194 μοῖραν
453 2114 505 2177 οὐκ
541 2112 741 2197 εὐπέμπελον]
783 2112 964 2187 Scholiasta,
997 2115 1221 2195 εὐπαραίτητον,
1250 2116 1365 2198 εὐχερῆ,

273 2215 443 2296 εὐάρεστον.
465 2215 642 2296 δυσάρεστοι
664 2217 756 2296 φύσει
771 2216 848 2278 εἱσὶν
871 2215 966 2279 αὐτοι.
1004 2215 1136 2280 Rectius
1154 2217 1366 2293 Wellauerus,

271 2316 311 2379 H
310 2339 403 2381 cram
418 2339 492 2381 vcro
506 2338 543 2380 aa
556 2325 603 2381 est
616 2318 701 2381 rasio
714 2325 751 2380 at
765 2317 936 2401 consociis
950 2317 1069 2381 dimisa
1080 2321 1215 2405 possint.

310 2435 384 2502 477.
401 2423 556 2506 τυχοῦσαι]
578 2418 760 2494 Scholiasta,
776 2419 842 2482 θντὶ
856 2424 909 2482 τοῦ
924 2426 1088 2502 τυχουσῶν.

312 2526 388 2605 478.
411 2526 493 2608 χώρη
508 2527 647 2602 μεταῦθις
661 2519 871 2584 Wellauerus.
903 2527 998 2604 χῶροι
1016 2520 1079 2601 μετ’
1095 2523 1176 2589 οῦθις
1191 2524 1240 2585 Μ.
1258 2522 1365 2585 Guell.

270 2624 348 2688 Ald.
365 2623 448 2688 Rob.
462 2638 493 2687 et
510 2623 580 2708 (qui
595 2623 689 2702 αὐτις)
707 2623 781 2685 Par.
804 2627 931 2705 χωροῖεν
946 2622 1028 2688 αὖθις
1043 2622 1146 2685 Turn.
1160 2622 1268 2707 Steph.

313 2744 388 2809 479.
402 2724 494 2810 πέδῳ]
511 2722 718 2787 scribendum
733 2721 826 2787 πέδοι.
850 2723 889 2785 V.
904 2722 944 2784 ad
961 2723 1065 2785 Prom.
1082 2740 1154 2805 749.

311 2829 385 2908 480.
402 2829 479 2890 Post
495 2828 578 2889 ἐστίν
592 2824 692 2902 colon,
708 2839 779 2913 post
794 2825 949 2905 ἀμφότερα
962 2843 1082 2886 comma
1097 2837 1241 2910 ponatur.

311 2930 386 3009 481.
404 2928 448 3013 δέ]
463 2953 495 2992 τε
511 2926 720 3015 Tyrwhittus,
735 2941 828 3003 recte,
845 2939 881 2988 ut
893 2923 1028 2987 videtur.

312 3029 493 3109 δυσπήμαντ’
514 3028 672 3111 ἀμηχάνως
694 3027 775 3112 ἐμοί]
799 3024 910 3090 Lectio
932 3023 1134 3111 interpolata:
1159 3048 1260 3114 neque
1282 3030 1363 3092 enim

269 3125 427 3215 ἀμηχάνως
441 3132 508 3211 έμοί
520 3153 578 3216 pro
592 3130 747 3214 ἀμήχανον
762 3129 829 3208 έμοί
840 3125 902 3189 dici
917 3125 1030 3213 potuit.
1054 3128 1242 3213 Cujusmodi
1256 3131 1365 3197 adver·

268 3233 356 3298 bium
372 3233 500 3298 verbum
516 3231 643 3318 aliquod
658 3229 840 3320 postularet,
856 3227 942 3292 velut
958 3228 1033 3312 ἔχει.

312 3335 492 3416 δυσπήμαντ’
509 3334 674 3398 Stanleius.
706 3329 867 3410 δυσπήμοτ’
891 3329 974 3394 Rob.
991 3332 1101 3419 Steph.
1133 3334 1299 3417 δυσπήμαθ
1314 3339 1365 3402 Μ.

270 3439 430 3520 δυσσήματ’
446 3438 523 3502 Ald.
537 3439 641 3502 Turn.
665 3435 854 3515 δυσποὶμαντ’
871 3436 1087 3503 casaubonus.

312 3540 482 3625 ἂμηχτίνως]
507 3540 691 3616 Scholiasta,
706 3536 834 3617 πέμπειν
848 3539 938 3606 αὐτὰς
952 3541 1098 3620 ἀμηνίτως
1117 3540 1260 3625 δυσχερές
1283 3544 1365 3607 ἐστιν

268 3646 344 3725 έμοὶ.
390 3645 444 3707 Ex
468 3665 534 3728 quo
558 3641 624 3706 haec
647 3638 791 3726 componi
817 3652 920 3727 potest
943 3641 1039 3705 totius
1066 3664 1174 3706 versus
1202 3641 1365 3729 scriptura,

268 3745 396 3826 πέμπειν
410 3770 442 3809 τε
457 3740 637 3824 δυσπήμαντ’
653 3743 799 3822 ἀμηνίτως
813 3743 887 3821 έμοί.

311 3850 385 3931 482.
402 3845 588 3930 ἐπέσκηψεν]
604 3841 784 3922 Scholiasta,
800 3843 838 3908 ὼς
852 3841 979 3922 σκηπτὸς
994 3844 1134 3922 ἐπῆλθεν.

312 3951 388 4033 483.
409 3951 516 4030 ὁρκίων
535 3944 736 4030 αἱρουμένους]
756 3942 960 4008 scribendum
980 3945 1096 4024 ὁρκίους
1114 3947 1271 4028 αἱρουμένη
1292 3972 1365 4013 cum

270 4052 439 4115 Peurscno.
473 4048 655 4124 Scholiasta,
670 4047 734 4110 οἱον
749 4045 887 4124 ένόρκους
901 4048 1040 4112 δικαστὰς
1060 4047 1119 4127 έχὼ
1139 4047 1232 4126 θήσω.
1270 4051 1365 4137 Spec.

269 4164 337 4217 tant
351 4167 455 4216 autem
479 4151 546 4216 haec
567 4149 607 4214 ad
622 4149 840 4234 Areopagum,
853 4169 947 4232 quem
969 4146 1010 4211 ab
1025 4148 1172 4212 Minerva
1186 4149 1364 4216 institutum

269 4254 360 4340 lingit
375 4253 565 4340 AEschylus:
589 4250 630 4315 de
644 4274 709 4337 quo
722 4250 798 4314 alios
816 4249 876 4313 alia
893 4249 1054 4315 tradidisse
1069 4251 1230 4317 Meursius
1251 4254 1366 4342 aliique

268 4358 309 4422 de
322 4361 492 4444 Areopago
506 4355 670 4442 scriptores
682 4353 897 4418 ostenderunt.

311 4461 385 4540 486.
403 4457 549 4543 καλεῖσῦ]
567 4455 679 4523 rahald
695 4456 778 4522 Rob.
