2984 5054
258 330 324 398 566
619 334 999 403 ANNOTATIONES

259 519 351 569 mate.
398 503 490 568 Conf.
513 526 543 569 v.
565 505 640 588 478.
662 506 745 590 χιίριρ
765 510 903 585 μεταῦθις
925 507 969 574 ἰὸς
991 509 1025 570 ἐκ
1054 509 1251 590 φρονημάτων
1275 511 1363 579 πέδαι

257 607 360 672 πεσὸν
374 607 504 688 ἄφερτος
519 608 623 686 αἰανὴς
637 609 738 674 νόσος.

300 710 446 788 ἀντιπαθῆ
469 709 560 774 lectio
583 709 624 773 ab
650 709 810 798 Stephano
834 723 1005 774 memorata
1029 725 1061 775 et
1081 728 1206 799 reperta
1230 713 1261 776 in
1283 717 1358 780 Par.

259 817 481 881 Revocandum
503 818 662 895 ἀντιπενθῆ
683 840 723 880 ex
739 818 789 881 Μ.
807 815 916 881 Guelf.
931 815 1010 883 Ald.
1026 818 1111 883 Rob.
1125 820 1230 883 Turn.
1247 821 1358 907 Stepb.

258 919 441 997 Scholiasta,
458 923 611 998 ίσοπενθῆ,
628 921 716 998 ὅμοια
730 923 845 1000 δρῶντα
859 920 902 986 oie
916 919 1061 984 πέπονθα.

301 1024 373 1108 783.
387 1028 514 1102 μεθεῖσα
528 1044 586 1108 pro
599 1021 719 1101 μεθήσω
733 1021 845 1107 accipit
857 1018 1037 1086 scholiasta:
1060 1022 1148 1108 quod
1158 1023 1225 1089 fieri
1238 1024 1359 1110 nequit.

257 1123 342 1187 Mihi
363 1124 493 1188 verbum
517 1123 657 1210 aliquod,
671 1123 765 1210 quale
783 1127 872 1203 βαλῶ
894 1138 952 1200 est,
965 1137 1039 1187 ante
1059 1129 1188 1204 μεθεῖσα
1207 1126 1359 1193 excidisse

257 1224 392 1289 videtur.

301 1327 374 1408 784.
397 1326 485 1409 χθονὶ
506 1326 623 1407 ἄφορον
646 1326 752 1388 Τυτυ.
785 1327 894 1410 χθόνια
919 1328 1016 1408 φόρον
1040 1325 1118 1390 Αίᾶ.
1151 1333 1358 1412 χθονιοφόραν

257 1428 343 1492 Rob.
360 1427 447 1513 quod
463 1427 538 1514 legit
553 1426 725 1506 scholiasta,
741 1428 796 1514 qui
812 1428 947 1515 explieat
961 1428 1015 1492 τὸν
1029 1432 1071 1496 είς
1088 1429 1143 1509 τὴν
1157 1435 1214 1512 γῆν
1228 1435 1357 1513 φερόμε-

257 1555 320 1595 νον.
365 1531 439 1617 Ego
459 1531 548 1613 χθονὶ
569 1528 618 1595 vel
636 1527 803 1594 delendum
817 1528 866 1595 vel
879 1530 984 1594 versui
998 1531 1071 1613 781.
1097 1554 1156 1617 pro
1170 1534 1210 1616 γᾷ
1232 1534 1357 1599 restitu-

256 1633 373 1698 endum
404 1632 550 1698 arbitror.
595 1634 667 1710 Quo
696 1647 816 1697 remoto
840 1632 1004 1697 dochmius
1033 1633 1140 1720 prodit
1168 1637 1293 1718 ἄφορον
1321 1639 1355 1703 ἐκ

256 1738 289 1799 δὲ
304 1739 365 1800 τοῦ.

300 1839 374 1923 785.
389 1838 492 1922 λιχὴν]
512 1836 717 1902 scribendum
733 1836 850 1922 λειχήν.
881 1838 918 1900 V.
934 1837 977 1901 nd
993 1838 1135 1926 Cboepb.
1153 1841 1224 1908 282.

298 1940 400 2024 λιχὴυ]
421 1940 622 2027 significatur
630 1942 821 2026 pestifirnm
835 1941 927 2004 υιῗτιις
941 1961 981 2003 αα
992 1943 1183 2028 insignioris
1197 1945 1353 2008 Eumeni-

255 2043 331 2106 dum
346 2043 441 2105 stillis
453 2050 679 2128 propagatum.

298 2145 436 2225 ἄφυλλος
450 2142 583 2227 ἄτεκνος]
601 2143 628 2205 Ι.
644 2167 670 2207 e.
672 2143 838 2230 stragibus
853 2151 947 2207 terrae
961 2151 990 2206 et
1004 2143 1151 2208 bamanae
1164 2147 1258 2209 soboli
1274 2169 1353 2233 per·

254 2249 416 2319 niciosum
445 2260 480 2309 ut
510 2243 679 2331 Sophocles
708 2247 747 2310 de
771 2260 859 2332 peste
887 2243 919 2307 in
947 2245 1077 2310 Thebas
1106 2246 1250 2312 saeviente
1274 2249 1352 2314 OEd.

256 2350 338 2436 Tyr.
355 2367 406 2433 25.

384 2469 534 2550 φθίνουσα
547 2469 604 2546 μὲν
620 2465 741 2545 κᾶλυξιν
756 2467 913 2549 ἐγκάρποις
926 2467 1047 2549 χθονὸς,

384 2571 535 2652 φθίνουσα
549 2567 573 2632 δ’
589 2567 713 2650 ἀγέλαις
727 2571 895 2648 βαυνθμοις,
911 2570 1028 2633 τόκοισί
1039 2594 1073 2633 τε

385 2674 505 2755 ἄγόνοις
519 2676 677 2754 γυναικῶν.

254 2793 301 2856 Et
316 2790 425 2878 virgil.
441 2792 519 2855 AEn.
536 2811 570 2876 3,
589 2805 661 2875 137.

640 2923 742 2987 οιιᾶὶία
755 2943 826 2985 cnm
840 2921 948 2985 tahida
962 2922 1106 2987 membris

384 3028 544 3114 Corrupto
557 3027 628 3091 coeli
643 3033 757 3101 tracta,
771 3024 1011 3112 misernndnqm
1026 3028 1112 3091 venit

382 3130 617 3218 Arboribusque
629 3128 768 3215 satisque
781 3128 849 3192 lues
864 3137 893 3192 et
907 3127 961 3192 leti
977 3149 1012 3193 er
1026 3151 1143 3196 αιιιιιισ.

253 3265 439 3330 WAKEF.
479 3264 596 3328 Versus
609 3284 672 3326 non
687 3261 818 3349 integer.

296 3369 369 3450 786.
395 3368 574 3445 ἐπισύμενος
602 3366 651 3429 Μ.
689 3365 871 3445 θττεσιίμενος
895 3365 979 3430 Rob.
1018 3369 1221 3450 ἄπεσσυμένος
1246 3371 1351 3438 Turn.

253 3469 365 3557 Steph.
388 3467 558 3546 ἔπέσουμος
572 3464 651 3531 Ald.

294 3573 368 3655 788.
384 3575 479 3650 βαλεῖ
491 3569 594 3631 Τυτπ.
616 3574 728 3648 βαλεῖν
743 3566 812 3632 libri
828 3566 950 3655 reliqui.

295 3675 367 3758 789.
383 3668 529 3754 στενᾶζω]
546 3670 680 3750 στενάξω
697 3672 747 3734 Μ.
763 3672 837 3736 Par.

292 3776 425 3859 γένωμαι
435 3774 457 3859 ;]
481 3774 554 3837 Ηοο
568 3772 624 3837 etsi
639 3773 684 3836 ita
697 3772 823 3838 defendi
840 3787 943 3860 potest
957 3787 993 3837 ut
1010 3776 1193 3860 pronomine
1207 3800 1247 3841 ex
1260 3793 1348 3843 ante·

248 3876 431 3942 oedentibus
446 3875 578 3961 repetito
591 3898 650 3963 pro
663 3878 695 3940 τί
705 3876 837 3958 γένωμαι
850 3877 1029 3964 uscipiatur,
1045 3878 1235 3962 probabilior
1245 3896 1349 3946 tamen

250 3978 423 4067 Tyrwbitti
437 3977 613 4042 emendatio
626 3990 674 4040 est
688 3983 832 4059 γελῶμαι.
871 3979 986 4041 Versus
1000 3992 1047 4041 est
1061 3978 1254 4046 bacchiacus.

294 4100 366 4167 791.
380 4081 546 4162 μεγᾶλατοι
560 4078 640 4145 Ald.
678 4080 779 4143 Recte
792 4078 824 4143 in
838 4078 907 4144 aliis
921 4077 1042 4143 divisim
1058 4080 1178 4162 μεγᾶλα
1192 4109 1249 4148 τοι.

294 4199 367 4267 794.
381 4183 520 4267 πίθεσθε]
539 4183 681 4246 πείθεσθε
695 4177 768 4242 Ald.
784 4177 869 4242 Rob.
895 4179 1052 4245 πείθεσθαι
1067 4181 1176 4247 Guell'.

294 4287 476 4371 795-4323.
491 4307 553 4349 om.
571 4285 615 4347 T.

291 4392 364 4474 796.
380 4387 490 4473 ἀτιμίᾳ]
506 4387 622 4467 ἄτιμίος
637 4383 714 4449 Ald.
731 4385 833 4448 Turn.

289 4493 362 4576 798.
377 4489 493 4573 χρήσας
510 4490 613 4553 Τατα.
637 4487 730 4568 siloas
743 4487 814 4552 libri
830 4486 955 4574 reliqui.
