2984 5054
245 351 311 420 590
607 345 988 414 ANNOTATIONES

293 538 365 609 237.
382 523 447 610 ἀφ’]
467 471 516 589 ai’
534 525 583 588 M.

291 645 364 704 240.
381 626 491 710 ἔτλητ’]
510 625 562 691 ἔτα
577 623 600 688 τ’
616 624 714 689 codex
730 625 915 705 Rabortelli‚
931 625 986 713 qui
1002 622 1100 689 ἔτλατ’
1115 645 1155 687 ex
1168 623 1351 709 conjectura

249 727 399 813 Sophiani
414 726 523 791 edidit.

290 829 450 913 ἀτρέστως]
473 829 622 911 ἀτρέστως
645 830 694 892 M.
712 830 785 893 Par.
802 829 913 894 Guelf.
930 828 1006 893 Ald.
1040 828 1173 910 ἆρέστος
1190 829 1229 908 (?)
1247 825 1350 889 codex

249 930 434 995 Robortelli.

293 1051 364 1113 242.
392 1032 476 1118 ὑμῖν]
502 1033 572 1112 ἡμῖν
602 1033 687 1097 nob.
724 1037 806 1113 ὑμῶν
832 1035 929 1098 MSS.
958 1037 998 1115 (P)
1028 1030 1226 1119 Spanhemii:
1260 1030 1350 1115 quod

248 1135 406 1198 Pearsono
422 1133 531 1197 tribuit
548 1135 707 1198 Butlerus.

293 1254 366 1318 243.
380 1236 474 1313 μόνον
488 1234 563 1320 τόδ’]
582 1237 704 1323 Nempe
720 1236 876 1323 supplices
891 1260 946 1301 vos
960 1260 1036 1300 esse.
1063 1236 1162 1299 SCH.

292 1336 478 1419 συνοίσεται]
497 1338 596 1399 Recte
611 1339 780 1415 ξυνοίσεται
795 1339 963 1402 Porsonus.
987 1340 1152 1416 ξυνείσεται
1167 1334 1302 1399 Bothius
1316 1334 1349 1398 in

248 1437 299 1502 ed.
315 1437 426 1524 prima.
449 1436 644 1517 συμφωνήσει
657 1438 881 1524 interpretatur
896 1439 1066 1504 scholiasta.

293 1559 366 1621 244.
383 1541 431 1602 καὶ
444 1539 556 1624 τᾶλλα]
573 1540 635 1603 κᾶτ’
649 1541 731 1604 ἄλλα
746 1540 958 1605 Wellauerus.

291 1640 397 1725 πόλλ’]
421 1642 500 1705 πολὺ
522 1640 630 1705 Gaell.
657 1640 732 1705 Ald.
766 1645 824 1707 πού
845 1642 874 1723 μ’
903 1645 1107 1707 Hermannus
1125 1643 1226 1706 Elem.
1247 1641 1350 1706 doctr.

250 1757 338 1807 metr.
362 1765 393 1828 p.
413 1761 483 1806 112.
528 1741 710 1819 Scholiasta,
734 1743 866 1823 ἔμελλον
888 1744 926 1808 ἂν
948 1745 1110 1829 οτοχασμῷ
1132 1746 1170 1807 τὰ
1191 1742 1255 1807 καθ’
1274 1746 1352 1822 ὑμᾶς

249 1844 363 1926 λέγειν,
380 1847 406 1907 εἰ
419 1844 460 1923 μὴ
474 1845 579 1925 φωνὴν
594 1846 699 1926 εἴχετε.

295 1965 367 2029 247.
384 1945 467 2031 ἔτην]
484 1948 611 2025 δημότην
622 1947 845 2033 interpretatur
856 1947 1028 2012 scholiasta.
1052 1947 1225 2032 AEschylus
1235 1946 1351 2032 fragm.

249 2067 323 2131 302.
339 2049 407 2111 οὔτε
422 2051 511 2127 δῆμος
526 2046 585 2111 οὔτ’
603 2048 669 2128 ἔτης
684 2048 767 2130 ἀνήρ.

294 2149 365 2227 α48.
381 2146 399 2227 ἢ
414 2148 517 2230 τηρὸν]
543 2148 724 2226 Scholiasta,
740 2151 869 2232 φύλακα.
916 2149 1145 2238 Intelligendus
1165 2164 1270 2214 custos
1286 2173 1351 2216 arae

250 2257 326 2316 θεῶν
340 2253 486 2333 ἀγωνίων,
502 2251 552 2314 cui
575 2251 697 2315 custodi
719 2267 792 2338 apte
813 2251 962 2316 tribuitur
979 2253 1066 2338 virga
1080 2275 1134 2315 seu
1157 2251 1288 2315 baculus
1308 2251 1351 2315 ad

249 2352 420 2441 abigendos
432 2352 690 2441 castigandasque
702 2353 875 2441 sacrilegos.
892 2356 1036 2420 BOTH.
1059 2355 1168 2436 ἠτηρὸν
1177 2356 1228 2418 Μ.
1240 2352 1351 2418 Guelf.

249 2455 327 2520 Ald.
344 2455 428 2519 Rob.

295 2561 358 2639 tpot
372 2557 498 2642 ῥάβδον]
523 2559 602 2638 ἱεροῦ
614 2558 730 2639 ῥάβδου
746 2560 849 2622 Turn.
867 2557 976 2645 Steph.
1006 2557 1095 2637 ἡεροΰ
1109 2554 1158 2618 vel
1173 2557 1261 2637 ἠεροῦ
1275 2557 1352 2639 ῥάβ-

252 2665 304 2724 δον
328 2659 451 2740 (etatae
473 2658 567 2740 Ald.)
591 2661 641 2723 M.
659 2659 769 2722 Gucll’.
786 2659 863 2723 Ald.
898 2658 984 2740 κέρου
1005 2659 1120 2739 ῥάβδον
1143 2657 1226 2721 Rob.
1261 2661 1352 2738 ἑρμοῦ

250 2759 365 2840 ῥάβδον
381 2761 455 2821 Par.
494 2761 593 2822 Recte
609 2759 795 2823 Schuetzius
811 2761 998 2841 ἱερόραβδον,
1013 2758 1069 2822 nisi
1085 2758 1171 2844 quod
1191 2761 1352 2840 ἱρόραβδον

252 2859 448 2925 scribendum
465 2877 540 2923 erat.
1147 2841 1157 2859 ⁸

296 2980 367 3044 249.
383 2959 463 3044 λέγ’]
481 2959 579 3041 λέγετ’
597 2962 646 3026 Μ.
664 2962 773 3028 Guelf.
790 2963 865 3027 Ald.

292 3058 436 3139 εὐθαρσὴς
448 3059 552 3122 Turn.
576 3059 730 3142 εὐθαρσεῖς
742 3063 792 3126 Μ.
806 3060 914 3126 Guelf.
927 3062 1003 3126 Atd.
1028 3063 1233 3128 Scribcndum
1249 3064 1352 3145 εὐθαρ-

252 3165 311 3225 σῶς
325 3180 396 3222 cum
413 3158 496 3224 Rob.
514 3161 623 3244 Steph.

296 3280 369 3345 250.
386 3265 439 3324 τοῦ
453 3267 597 3342 γηγενοῦς
611 3262 670 3344 γάρ
685 3265 739 3343 εἶμ’
756 3263 843 3345 (οἶμ’
861 3263 971 3328 Guelf.
988 3263 1084 3350 Ald.)
1102 3265 1160 3346 ἐγὼ
1176 3268 1353 3348 Παλαίχθο-

252 3361 312 3445 νος]
337 3361 539 3426 “Salmasius
560 3362 600 3427 de
623 3364 730 3450 lingua
753 3364 967 3443 Hellenistica,
987 3367 1160 3452 AEechylae
1178 3369 1352 3454 Relaagum

250 3465 449 3526 recentiorem
448 3465 541 3548 sncit
555 3486 650 3551 quam
665 3467 704 3529 ab
719 3467 854 3551 aliiaflt.
879 3468 966 3531 Nam
983 3469 1153 3553 impera-me
1167 3480 1234 3531 tum
1250 3472 1352 3554 Argia

250 3564 344 3642 dixit,
360 3587 430 3628 cum
445 3567 611 3629 Danaides
632 3587 667 3630 eo
685 3568 894 3632 advenerant.
931 3569 1020 3632 Nam
1036 3571 1203 3633 Danaides
1225 3593 1280 3633 sen
1302 3596 1353 3652 γε-

250 3671 332 3732 νεαῖς
352 3667 392 3730 ah
415 3668 534 3731 Inacho
558 3668 682 3731 diaaitae
692 3669 807 3753 fuere,
828 3692 900 3734 ουυι
921 3671 1080 3757 Pelasgae
1105 3672 1207 3735 tribea
1227 3681 1353 3735 tantam

250 3774 369 3849 γενεαῖς
390 3769 545 3832 abeodem
568 3771 602 3832 ιἰι
618 3769 765 3835 deacenau
780 3771 913 3835 dictaret
922 3772 1028 3856 joma
1042 3773 1243 3853 γενεαλογίαν
1257 3773 1353 3856 Apol»

250 3869 356 3931 lodoro
370 3869 567 3934 (inlitteratum.
591 3871 751 3934 Praeterea
765 3873 904 3935 timidum
916 3873 1023 3958 Argoa
1036 3881 1116 3948 erat,
1130 3894 1201 3935 cam
1213 3874 1354 3936 Danaae

250 3978 307 4033 ont
322 3971 488 4034 Danaides
510 3973 545 4034 e'n
561 3972 808 4057 Peloponnesum
830 3974 1086 4057 commigrarent,
1100 3993 1173 4034 nam
1197 3993 1218 4033 a
1232 3973 1353 4036 Danao

249 4072 539 4156 eonditumfertar.
578 4075 655 4137 Non
669 4075 775 4158 igitur
789 4073 891 4158 Argia
903 4072 1078 4157 imperabat
1093 4073 1266 4160 Pelnagna,
1280 4097 1353 4138 earn

249 4172 389 4237 Danaae
405 4175 610 4262 Pehponneei
631 4174 743 4236 incolis
763 4193 873 4236 ttamen
890 4181 1041 4258 occupata
1056 4196 1093 4237 ea
1109 4177 1236 4262 regione
1251 4187 1353 4241 mata-

250 4276 307 4351 vit,
322 4283 351 4338 et
363 4276 496 4340 Danaae
505 4297 569 4359 pra
584 4273 730 4358 Pelasga
744 4274 871 4337 curavit
884 4274 1098 4360 appellandae.
1137 4278 1203 4342 Sed
1217 4279 1355 4364 AEecltp-

248 4376 299 4441 lua
314 4397 496 4463 capersana
511 4396 572 4440 anu
585 4374 706 4438 ἱοιιιίας
727 4383 783 4453 eet,
797 4397 861 4440 non
876 4378 1039 4463 reg-ionem
1054 4401 1089 4444 aa
1101 4382 1229 4444 nomine
1242 4381 1351 4465 appel·
