2984 5054
274 341 339 409 346
630 338 1010 403 ANNOTATIONES

270 516 386 589 πεσεῖν,
406 508 425 589 ἦ
444 510 505 591 τρίς
526 508 717 593 τροχάσοντα
740 511 901 587 νικηθῆναι,
922 506 1056 582 στάδιον,
1079 509 1213 582 δίαυλον,
1236 507 1372 591 δόλιχον.

270 617 362 681 οὕτως
384 613 568 695 Θουγενίδης
589 615 623 676 ἐν
645 615 820 677 Δικασταῐς.
864 609 987 674 Eadem
1011 607 1115 687 habet,
1138 609 1192 673 sed
1215 607 1372 687 mutilata,

271 714 485 779 Antiatticista
502 715 662 800 Sangerm.
678 735 710 801 p.
727 733 795 794 114.
810 725 843 775 et
854 711 997 798 Etymol.
1009 713 1059 776 M.
1086 711 1239 794 “Tptdfot
1253 725 1286 775 et
1299 712 1373 776 ἀπο-

270 816 384 900 τριάξαι
401 815 575 893 dicebatur,
590 816 647 902 qui
669 829 716 879 ter
737 813 891 900 dejecerat
912 812 1237 879 adversarium-ideo
1257 812 1374 894 τριάξαι

270 935 317 984 est
335 920 466 984 vincere.
513 919 610 983 Unde
632 920 785 1000 ἀτρίακτος
806 917 864 980 tra
879 915 1034 1002 AEschylo
1049 914 1192 1002 Choepb.
1208 918 1283 1001 336.
1298 937 1373 1000 quoe

270 1023 444 1109 expugnari
459 1044 522 1086 non
537 1022 669 1109 potest.”
691 1019 795 1085 Verba
805 1035 880 1083 sunt
893 1018 1034 1083 Salmasii
1044 1018 1085 1082 ad
1099 1016 1240 1082 Solinum
1252 1039 1284 1103 p.
1296 1018 1371 1082 206.

271 1125 446 1189 BLOMF.
469 1125 627 1207 τριοκτῆρα
649 1146 710 1187 11011
736 1120 917 1209 simpliciter
937 1120 1096 1197 victorem,
1119 1119 1174 1183 sed
1197 1117 1371 1182 tertiarium

269 1227 335 1290 sive
363 1226 536 1312 ephedrum
566 1225 765 1311 interpretor,
791 1224 846 1311 qui
873 1223 1022 1289 victorem
1047 1222 1230 1309 aggreditur
1254 1222 1371 1285 fessum

270 1327 391 1417 integer
416 1342 447 1392 et
469 1329 637 1411 ἀποτριάζει
659 1327 757 1401 atat»,
779 1341 816 1392 ut
842 1325 1019 1391 scholiastes
1044 1326 1099 1403 ait,
1127 1323 1172 1389 ἐπ’
1198 1325 1297 1389 ἑλπίδι
1321 1327 1373 1402 τῆς

271 1432 361 1512 νίκης,
377 1430 410 1495 id
425 1445 473 1495 est
487 1431 647 1496 victoriam
660 1444 815 1519 speratam
830 1429 858 1494 ei
873 1427 976 1515 eripit.
992 1427 1195 1493 LOBECK.
1209 1424 1371 1513 Aglaoph.

296 1553 394 1619 -354·
1148 1611 1154 1615 .

272 1557 293 1622 p
317 1653 354 1718 17
356 1650 387 1719 5.
410 1633 543 1713 τεύξεται
564 1639 683 1716 φρενῶν
697 1635 733 1698 τδ
751 1636 826 1717 τάν]
845 1632 1028 1711 Scholiasta,
1044 1634 1214 1714 ὁλοσχερῶς
1228 1630 1373 1713 φρόνιμος

272 1735 369 1800 ἔσται.

318 1838 496 1920 176-178.
525 1849 557 1900 ct
585 1835 617 1900 in
641 1837 837 1924 antistropho
859 1836 1037 1918 184-186.
1062 1835 1092 1898 in
1121 1854 1219 1898 uuum
1246 1854 1371 1897 versum

271 1938 493 2025 conjungendi.

317 2054 389 2124 177.
405 2041 458 2106 τὸν
474 2042 643 2105 Porsonus.
666 2045 707 2126 τῷ
722 2041 802 2105 libri.

312 2141 421 2226 μάθος]
446 2141 591 2206 Photius.
615 2142 722 2210 Μάθος
739 2142 867 2223 λέγουσι
887 2141 942 2219 τὴν
962 2139 1091 2220 ζήτησιν.
1122 2140 1214 2206 οὕτως
1231 2137 1369 2221 Ἀριστο-

270 2243 377 2326 φόνης.
423 2243 596 2308 Scholiasta
609 2243 716 2309 laudat
733 2242 865 2308 Hesiod.
882 2243 944 2327 Op.
961 2243 1033 2304 216.
1050 2241 1154 2305 παθὼν
1168 2240 1202 2305 δέ
1221 2266 1254 2305 τε
1268 2239 1372 2319 νήπιος

271 2346 360 2427 ἔγνω.
407 2344 614 2409 Proverbium
637 2357 704 2410 erat
725 2343 884 2424 παθήματα
903 2341 1071 2423 μαθήματα,
1091 2356 1169 2406 teste
1184 2343 1372 2407 Casaubono

270 2445 311 2509 ad
327 2445 471 2513 Persium
486 2468 518 2534 p.
535 2445 588 2514 26.
622 2447 684 2511 Sed
699 2445 802 2511 nescio
817 2445 943 2509 ubinam
958 2442 1146 2508 adhibeatur
1159 2458 1370 2530 praeterquam

271 2547 303 2611 in
315 2548 437 2612 Herod.
447 2571 476 2623 1,
489 2564 562 2631 207.
574 2553 612 2613 τδ
626 2548 660 2613 δέ
673 2575 724 2628 μοι
738 2547 897 2628 παθήματα
910 2549 948 2609 rb
963 2545 1052 2609 ἐόντα
1067 2544 1203 2627 ἀχάριτα,
1214 2545 1372 2626 μαθήματα

270 2651 405 2730 γεγόνεε.
431 2649 523 2713 Plato
546 2651 655 2736 Symp.
671 2671 703 2734 p.
721 2668 792 2729 272.
807 2647 856 2712 ed.
874 2645 945 2733 Bip.
968 2647 1017 2709 κοί
1036 2646 1086 2725 μὴ,
1103 2650 1178 2710 narb
1197 2647 1251 2726 τὴν
1264 2672 1370 2730 παροι-

269 2749 351 2827 μίαν,
374 2752 508 2814 παθόντα
529 2755 652 2831 γυάναι.
699 2749 768 2813 Vid.
792 2746 940 2813 Matthiae
964 2745 1096 2810 Miscell.
1116 2746 1230 2812 Philol.
1248 2768 1277 2816 ν.
1292 2772 1323 2836 p.
1339 2772 1369 2832 4.

271 2851 328 2914 Ad
341 2851 401 2915 hoc
415 2852 615 2937 proverbium
631 2851 770 2916 alludere
784 2851 910 2916 videtur
926 2849 1072 2937 Sophocl.
1088 2849 1206 2914 Trach.
1220 2871 1290 2937 143.
1304 2853 1370 2934 μήτ’

271 2952 409 3031 ἐκμάθοις
423 2958 569 3028 ποθοῦσα,
584 2960 638 3018 νῦν
648 2952 672 3017 τ’
685 2956 805 3034 ἄπειρος
817 2953 853 3020 εί.
876 2951 957 3016 Vide
968 2951 1050 3015 infra
1058 2973 1086 3015 v.
1099 2968 1170 3036 250.
1195 2953 1370 3020 BLOMF.

270 3053 347 3142 μάθό
364 3061 437 3145 (sic)
455 3061 504 3126 Fl.
523 3051 631 3142 μάθόίς
645 3063 756 3128 Guelf.
778 3066 882 3144 μαθὼν
898 3061 1006 3148 steph.

317 3180 388 3248 179.
411 3162 531 3241 στάζειν
545 3163 602 3246 πρδ
624 3166 743 3247 καρδίας
764 3164 880 3230 dicitur
901 3162 1006 3228 dolor:
1030 3185 1095 3249 qua
1108 3163 1243 3251 imagine
1258 3167 1371 3254 saepius

272 3264 372 3329 utitur
388 3263 571 3361 AEscbylus,
587 3280 624 3330 ut
638 3288 750 3352 graves
764 3266 858 3330 animi
875 3266 1006 3330 affectus
1024 3287 1077 3328 cor
1095 3265 1184 3351 quasi
1204 3266 1369 3347 inundare,

271 3389 324 3430 seu
345 3365 377 3430 in
398 3388 452 3429 cor
474 3364 589 3429 stillare
608 3366 763 3444 dicantur,
782 3382 913 3456 propter
933 3369 1092 3456 sanguinis
1114 3370 1227 3437 scilicet
1247 3373 1371 3437 effusio-

270 3490 353 3548 nem,
369 3468 502 3555 ejusque
517 3468 549 3530 in
564 3469 659 3534 corde
681 3470 807 3533 nimiam
830 3470 1044 3557 repletionem.
1090 3473 1140 3537 Sic
1159 3497 1189 3537 v.
1205 3494 1297 3559 1130.
1322 3477 1371 3539 ἐπὶ

270 3574 303 3635 δὲ
315 3574 437 3653 καρδίαν
452 3572 559 3652 ἔδραμε
575 3572 766 3653 κροκοβαφὴς
781 3573 909 3653 σταγόν.
955 3572 1007 3637 Sic
1021 3571 1061 3637 de
1080 3573 1127 3637 ira
1141 3573 1284 3660 Choeph.
1296 3576 1367 3640 181.

270 3675 336 3753 ἐμοὶ
352 3673 506 3754 προσέστη
529 3676 647 3755 καρδίας
669 3676 831 3739 κλυδώνιον
851 3677 956 3757 χολῆς.
981 3673 1189 3752 Μνησιπήμων
1209 3676 1302 3740 πόνος
1322 3690 1370 3739 est

269 3797 368 3860 angor
382 3799 400 3838 e
414 3774 627 3839 recordatione
642 3798 697 3839 seu
708 3775 893 3841 conscientia
905 3773 1057 3838 malorum
1069 3773 1251 3838 facinorum.
1275 3775 1369 3851 Quod

269 3888 373 3938 autem
389 3873 518 3939 additur
532 3874 566 3938 ἔν
581 3875 608 3939 θ’
622 3878 714 3962 drap,
727 3875 776 3939 vel
791 3899 829 3940 eo
843 3887 972 3962 spectat,
984 3874 1081 3959 quod,
1093 3872 1149 3958 qui
1163 3886 1253 3936 atrox
1268 3875 1370 3959 quod-

269 3971 342 4036 dam
365 3973 486 4037 lacinus
507 3973 698 4052 commisere,
715 3975 781 4040 sine
802 3997 878 4039 cura
898 3972 1056 4061 quiescere
1077 3993 1139 4034 non
1162 3986 1303 4057 possunt,
1320 3973 1369 4038 vel

268 4069 454 4158 intelligitur
469 4073 509 4137 de
523 4075 650 4138 somniis
665 4074 865 4152 terribilibus,
880 4073 998 4159 quibus
1011 4069 1174 4135 facinorosi
1195 4084 1367 4157 anguntur,

269 4195 287 4235 e
316 4195 487 4260 somnoque
516 4176 703 4253 excitantur,
732 4176 819 4262 quod
848 4173 973 4260 egregie
996 4173 1199 4237 confirmatur
1224 4173 1367 4261 Choeph.

270 4297 301 4337 v.
323 4294 377 4359 30.
401 4297 468 4361 sqq.
493 4276 546 4341 ubi
572 4278 812 4365 Clytaemnestra
836 4273 995 4339 nocturnis
1017 4272 1089 4337 visis
1111 4273 1213 4338 excita
1234 4274 1365 4339 dicitur:

268 4372 365 4454 Τορδς
385 4376 443 4454 γάρ
465 4377 564 4456 φόβος
585 4377 722 4458 ὀρθόθριξ
742 4376 852 4454 Δόρκων
874 4373 1076 4453 όνειρομόντις
1105 4378 1137 4455 ἐξ
1161 4379 1254 4441 θπνου
1281 4380 1368 4441 κότον

268 4475 386 4554 Πνίον,
403 4477 589 4558 ἀωρόνυκτον
603 4476 747 4559 ἀμβοάμα
761 4477 907 4557 Μυχόθεν
922 4475 1012 4541 ἔλακε
1026 4478 1093 4559 περὶ
1109 4481 1209 4564 φόβῳ.
1235 4480 1285 4543 SC
1291 4480 1335 4542 H.
