2984 5054
499 344 567 408 AD
591 343 989 409 AGAMEMNONEM.
1231 346 1296 415 429

196 511 295 577 δέοιτο
319 513 413 577 etiam
441 512 596 578 Stanleius
620 513 804 599 oonjeeerat,
827 524 859 575 et
881 511 936 590 sie,
959 509 1007 575 vel
1028 512 1161 592 μέλοιτο,
1185 514 1296 578 Voss.”

196 613 371 680 BLOMF.

241 721 333 785 1660.
356 717 450 804 χολῇ]
471 721 551 803 χηλῇ
566 719 618 784 Fl.
634 721 677 784 Τ.
692 717 778 805 quod
800 717 929 804 proelert
944 717 1120 783 Ahrensiun
1133 741 1165 805 p.
1183 734 1212 801 7.
1227 718 1292 784 col·

194 819 260 886 lato
273 823 360 887 Peru.
375 837 451 907 507.
466 823 489 886 δ
505 823 669 901 δυσπόνητε
684 824 798 898 δαῖμον,
815 819 854 886 ὡς
869 819 949 901 δγαν
963 821 1059 902 βαρὺς
1079 825 1183 886 ποδοῖν
1206 820 1293 902 ἐνήλ-

194 931 251 989 nov
265 925 354 989 παντὶ
368 925 508 1009 Περσικῷ
522 923 615 1006 γένει.

241 1027 336 1091 1662.
351 1028 459 1091 τοόσδε
472 1026 537 1108 μοι]
556 1023 761 1089 scribendum
776 1021 875 1090 τούσδ’
892 1025 958 1105 ἐμοὶ
971 1046 1044 1088 oum
1060 1024 1206 1090 Stanlein

238 1128 413 1212 δπανθίσοι]
429 1129 583 1192 ἀκοντίσαι
598 1123 826 1189 Wakefieldun.

241 1231 334 1315 1663.
349 1230 488 1310 δαίμονος
502 1227 718 1294 casaubonus.
741 1230 881 1307 δαίμονας
894 1226 977 1292 libri.

240 1332 334 1412 1664.
348 1333 500 1413 δμορτεῖν,
515 1329 569 1394 τὸν
583 1329 800 1393 Casaubonus.
823 1332 990 1411 δμορτῆτον
1003 1328 1084 1395 libri.

237 1430 292 1495 τόν
307 1436 470 1514 κρατοῦντα
483 1431 503 1471 *¹
519 1431 539 1472 ⁴*
553 1429 586 1515 *]
603 1431 767 1494 Lacunam
787 1429 904 1495 additis
923 1429 1028 1496 verbis
1049 1429 1074 1495 δ’
1096 1433 1219 1514 ὑβρίσαι
1238 1454 1294 1498 ex·

193 1529 260 1619 plet
275 1529 488 1596 Blomfieldus.

239 1634 331 1716 1665.
345 1631 555 1715 προσσαίνειν]
571 1632 745 1712 προσοίνειν
760 1631 810 1695 Pl.
827 1631 936 1719 steph.

239 1734 332 1798 1666.
350 1735 449 1797 Hunc
463 1755 589 1797 versum
605 1731 854 1820 Clytaemnestrae
869 1733 980 1798 tribuit
994 1732 1044 1797 Fl.

237 1834 272 1897 ln
299 1833 473 1915 ὑστέραισιν
497 1832 629 1917 ἡμέραις]
652 1833 825 1896 Ροιιυιοόο.
850 1831 948 1919 Angl.
973 1855 1056 1899 rome
1067 1834 1191 1920 fimare
1215 1835 1290 1925 day.

195 1933 365 2021 Sophocles
384 1933 466 1998 dixit
488 1936 522 1998 έν
542 1934 657 2019 ὖστέριρ
678 1935 777 2019 χρόνῳ
799 1933 878 1999 OEd.
902 1934 972 1999 Col.
989 1936 1064 2015 641.
1108 1937 1225 2002 Rarior
1244 1950 1292 2002 est

193 2035 280 2123 apud
295 2036 459 2123 scriptores
473 2036 599 2101 Atticos
613 2034 664 2100 hio
679 2058 754 2101 usus
767 2042 827 2101 τῶν
840 2037 956 2118 ἡμερῶν
969 2035 1001 2100 in
1014 2035 1129 2123 plurali
1147 2059 1290 2120 numero,

195 2137 378 2203 Hellenistis
400 2138 589 2203 notissimus.
634 2138 725 2203 Dixit
746 2152 850 2204 tamen
874 2138 1081 2226 Thucydides
1096 2155 1129 2222 7,
1147 2160 1201 2227 33.
1223 2144 1291 2224 περὶ

193 2244 248 2309 τδς
261 2241 351 2308 αότδς
367 2240 488 2323 ἡμέρας,
503 2241 582 2306 sieut
597 2243 641 2305 D.
654 2243 759 2306 Luoas
775 2260 849 2320 2,1.
874 2243 908 2306 lv
929 2247 994 2309 ταῖς
1013 2241 1135 2323 ἡμέροις
1156 2244 1290 2312 ἐκείναις.

194 2341 322 2407 Pindar.
338 2341 388 2408 Ol.
402 2363 430 2421 1,
445 2361 498 2430 53.
516 2342 623 2426 ἁμέραι
645 2345 669 2409 δ’
685 2345 834 2408 ἐπίλοιποι
854 2341 997 2426 μάρτυρες
1017 2347 1195 2427 σοφώτατοι.
1219 2346 1289 2410 He-

192 2445 294 2510 rodot.
320 2447 349 2526 8,
369 2465 419 2530 15.
440 2454 505 2516 ταῖς
526 2448 628 2515 αιἰταῖς
649 2444 777 2527 ἡμέραις.
800 2445 952 2532 Xenoph.
972 2445 1076 2510 Anab.
1091 2466 1120 2524 1,
1137 2462 1168 2526 7,
1181 2465 1232 2526 14.
1256 2448 1291 2511 έν

193 2551 312 2616 τούτοις
325 2554 390 2615 ταῖς
403 2546 532 2629 ἡμέραις.
548 2559 584 2612 ιιι
599 2547 685 2636 apud
702 2547 834 2611 Latinos
847 2547 920 2612 Liv.
935 2564 987 2631 23,
997 2567 1052 2633 3ο.
1066 2547 1290 2632 iintkmfirme

191 2650 307 2716 diebus.
331 2651 506 2715 BLOMF.

239 2754 331 2816 1668.
355 2754 478 2819 ἐλπίδας
493 2751 694 2836 σιτουμένους]
714 2751 827 2836 Eurip.
844 2748 955 2814 Phoen.
971 2765 1046 2833 407.
1070 2752 1101 2813 ol
1122 2746 1147 2812 δ’
1171 2751 1291 2818 ἐλπίδες

191 2856 341 2935 βόσκουσι
361 2853 507 2937 φυγάδας,
531 2856 568 2921 ῶς
590 2858 692 2936 λόγος.
739 2850 884 2939 Sophocl.
904 2853 983 2915 Ant.
999 2853 1090 2917 1262.
1114 2855 1235 2916 ἐλπίσιν
1256 2856 1289 2920 δὲ

191 2959 353 3037 βόσκομαι.
370 2956 483 3042 Eurip.
499 2954 614 3019 Bacch.
630 2957 704 3039 617.
721 2958 842 3020 ἐλπίσιν
857 2952 880 3017 δ’
897 2955 1053 3033 ἐβόσκετο.
1076 2954 1251 3019 BLOMF.

238 3060 333 3140 1671.
350 3063 469 3138 θαρσῶν
483 3058 653 3121 Porsonus.
677 3061 793 3138 θαρρῶν
806 3054 887 3119 libri.

235 3158 314 3222 ὥστε
330 3157 496 3222 Stanleiun.
519 3159 620 3239 ὥσπερ
634 3157 715 3221 libri.

237 3260 440 3344 1671.ιό73.
465 3260 523 3341 έγδ
545 3271 577 3323 et
599 3264 695 3326 καλῶς
712 3258 746 3322 in
760 3257 847 3322 libris
860 3256 973 3322 omissa
987 3259 1142 3322 Canterus
1156 3271 1188 3321 et
1204 3259 1290 3322 Heu.

193 3358 279 3424 thius
304 3359 529 3447 suppleverunt
554 3381 593 3424 ex
618 3359 817 3424 annotatione
843 3361 966 3437 Graeca,
993 3382 1065 3444 quae
1090 3360 1122 3423 in
1149 3360 1289 3447 margine

194 3461 304 3549 steph.
320 3461 446 3548 legitur,
460 3463 529 3544 ἐγὼ,
546 3463 633 3544 φησὶ,
648 3463 750 3527 καὶσὺ
764 3467 938 3543 κρατοῦντες
954 3466 1046 3525 τῶνδε
1066 3467 1125 3525 τῶν
1147 3460 1289 3540 δωμάτων

192 3566 394 3643 διαβησόμεθα
408 3565 446 3627 τδ
461 3564 525 3627 καθ
541 3564 645 3630 αὑτοὺς
661 3569 765 3632 καλῶς.
804 3563 884 3644 Quae
898 3585 961 3627 non
976 3562 1114 3627 sufficere
1128 3562 1168 3626 ad
1184 3562 1287 3626 locum

192 3664 277 3728 huno
298 3664 572 3752 redintegrandum
595 3663 813 3729 animadvertit
829 3662 1045 3749 Musgravius‚
1065 3662 1121 3749 qui
1143 3662 1287 3748 oonjecit,

192 3765 277 3830 τῶνδ’
290 3769 421 3849 ὕλαγμα·
444 3765 528 3831 πάντ’
544 3769 657 3850 ἐγῶ-.
677 3781 708 3830 et
729 3767 862 3846 ματαίων
884 3764 969 3829 baud
991 3763 1139 3830 dublein
1160 3763 1289 3848 μάταιον

192 3865 307 3931 mutari
321 3866 431 3947 voluit,
447 3866 487 3931 de
501 3891 566 3954 quo
579 3881 660 3932 tacet
675 3865 890 3932 lllomfieldus.
