2984 5054
264 347 329 415 610
628 343 1007 408 ANNOTATIONES

266 520 352 586 verbi
367 521 547 601 παροίχομαι
562 515 678 602 Eurip.
695 514 785 579 Med.
804 517 876 597 964.
894 518 998 596 μοίρας
1012 515 1088 577 ὅσον
1102 515 1247 596 παροίχει,
1264 534 1378 600 qttan·

267 633 333 687 lum
366 644 388 684 α
417 622 560 708 pristina
582 621 728 704 fortuna
759 618 914 694 cecidisti,
944 615 1135 702 comparavit
1165 616 1380 679 Hermannus

266 727 384 811 Opusc.
403 722 462 786 vol.
478 742 509 806 3.
525 745 556 807 p.
576 723 648 788 228.
666 720 721 806 qui
738 720 785 784 καὶ
807 719 897 800 κάρτα
918 717 1050 804 scripsit,
1067 717 1152 802 quod
1173 716 1378 782 scholiastam

267 826 377 912 legisse
391 825 546 912 opinatur.

307 945 381 1011 453.
406 927 484 990 θέλω
507 925 532 990 δ’
549 926 782 1008 ἀΐδρις-κακῶν
797 923 964 1010 dupliciter
983 921 1114 1008 intelligi
1134 935 1247 1009 potest,
1264 923 1313 987 vel
1336 938 1378 988 ut

264 1029 486 1115 experientiam
515 1030 667 1091 malorum
697 1027 892 1113 deprecetur,
918 1026 967 1086 vel
998 1038 1034 1088 ut
1058 1024 1171 1087 falsum
1202 1048 1234 1088 se
1262 1025 1377 1111 potius

265 1153 360 1215 quam
387 1153 494 1193 verum
518 1145 549 1193 et
571 1128 794 1214 intelligentem
817 1125 968 1189 malorum
990 1140 1091 1188 vatem
1114 1149 1180 1188 esse
1195 1126 1278 1191 velit.
1324 1128 1376 1191 Et

265 1233 345 1295 hanc
376 1232 407 1294 in
439 1247 558 1318 partem
588 1230 765 1293 scholiastes
794 1250 922 1313 quoque
950 1227 1079 1313 accepit.
1134 1227 1234 1292 Priori
1264 1243 1374 1292 tamen

266 1333 376 1397 rationi
392 1333 486 1410 favet,
502 1331 588 1417 quod
607 1331 759 1418 posterior
780 1352 887 1394 sensus
909 1329 1112 1416 sequentibus
1126 1330 1228 1394 verbis
1249 1330 1374 1411 γένοιτο

265 1435 384 1514 -έμὴν
398 1434 595 1521 exprimitur.
620 1433 720 1496 SCH.

308 1554 349 1620 45
350 1553 383 1621 5.
398 1537 534 1620 πολλῶν]
554 1540 677 1597 πολλῶν
691 1533 717 1595 τ’
733 1532 810 1596 Ald.
834 1539 959 1596 πολλῶν
975 1534 1080 1596 Turn.
1103 1539 1223 1598 πολλῶν
1239 1533 1326 1598 Rob.

307 1641 382 1721 456.
399 1639 461 1720 καὶ]
479 1637 520 1719 χᾶ
538 1637 581 1698 W
584 1634 755 1699 akefieldus
772 1633 844 1697 Silv.
860 1634 928 1697 crit.
944 1654 974 1718 3.
991 1657 1021 1720 p.
1037 1635 1090 1714 48.

309 1758 383 1824 457.
410 1736 570 1822 στρόβους]
599 1735 786 1821 Legendum
814 1738 972 1818 στρόφους.
1005 1738 1137 1818 Στρόφοι
1162 1736 1311 1800 dicuntur
1337 1737 1373 1801 in

268 1839 411 1904 muliebri
441 1840 557 1902 amictu
589 1836 722 1912 vincula,
751 1837 868 1921 quibus
898 1838 1038 1923 superior
1067 1860 1140 1925 pars
1166 1837 1259 1900 vestis
1287 1838 1373 1904 infra

269 1940 400 2027 papillas
415 1954 480 2002 erat
496 1939 605 2002 cincta.
630 1937 747 2001 Catull.
764 1939 904 2026 Epithal.
922 1940 1020 2003 Thet.
1033 1963 1062 2003 v.
1074 1942 1124 2024 65.
1142 1941 1293 2026 Strophio
1307 1943 1373 2005 lac·

268 2052 371 2106 rariter
386 2043 493 2104 vincta
504 2041 655 2126 papillas.
690 2040 874 2126 Utrumque
887 2055 970 2104 certe
984 2040 1062 2103 illud
1077 2040 1194 2124 cinguli
1210 2041 1373 2106 muliebris

267 2155 323 2206 aut
339 2141 468 2227 virginei
483 2163 594 2227 genus,
610 2164 675 2226 quo
694 2140 776 2203 infra
797 2141 936 2227 papillas,
953 2165 988 2206 ac
1010 2159 1162 2228 praeterea
1183 2165 1280 2228 supra
1302 2159 1373 2207 ute-

268 2267 337 2307 rum
354 2242 507 2328 colligatae
522 2257 553 2305 et
569 2242 734 2307 subductae
752 2257 842 2311 eraut
863 2244 978 2307 tunicae
1000 2243 1060 2307 illoe
1082 2260 1138 2308 aut
1152 2259 1252 2307 vestes
1272 2259 1372 2330 atque

268 2345 341 2409 inde
366 2344 548 2409 constrictos
577 2366 683 2407 earum
716 2344 801 2408 sinus
825 2344 876 2408 hic
905 2345 1005 2430 tangit
1034 2345 1213 2409 Danaidum
1243 2345 1370 2411 chorus.

269 2449 358 2511 Male
380 2460 485 2511 autem
509 2447 559 2509 hic
581 2446 698 2531 legitur
721 2449 879 2528 στρόβους,
900 2469 999 2533 quum
1023 2447 1138 2511 utalia
1160 2448 1276 2524 sileam,
1296 2471 1372 2512 eum

269 2553 414 2631 στροφίου
445 2550 639 2635 frequentem
670 2570 737 2612 eam
767 2548 798 2611 in
829 2572 893 2613 rem
919 2572 1009 2614 usum
1033 2550 1120 2636 apud
1147 2548 1310 2615 Comicum
1337 2550 1372 2615 in

269 2654 464 2740 Thesmoph.
480 2677 516 2717 ac
532 2652 709 2739 Lysistrata
727 2667 758 2716 et
777 2653 849 2718 inde
872 2654 939 2718 loco
955 2655 1021 2740 jam
1045 2654 1183 2718 adducto
1204 2653 1290 2739 apud
1306 2654 1370 2717 Ca·

269 2755 382 2819 tullum
406 2757 582 2843 strophium
605 2756 739 2842 legatur,
760 2769 827 2819 tum
851 2756 958 2819 eadem
982 2779 1057 2819 voce
1079 2758 1212 2837 στρόφου
1235 2777 1293 2840 pro
1315 2753 1371 2817 tali

269 2857 394 2942 cingulo
409 2873 464 2920 aut
480 2880 558 2921 zona
574 2880 649 2920 usus
667 2857 706 2920 sit
725 2857 798 2921 alibi
816 2858 987 2943 AEschylus
1007 2881 1060 2921 seu
1083 2858 1196 2921 chorus
1210 2856 1371 2942 virginum

270 2958 495 3022 Thebanarum
521 2961 607 3045 Sept.
625 2960 730 3025 Theb.
745 2983 773 3023 v.
791 2959 863 3042 876.
887 2960 1021 3041 στροφὸν
1044 2963 1146 3038 ἐσθῆτι
1167 2958 1372 3038 περιβάλλον-

269 3085 327 3122 ται.
351 3060 519 3123 SPANH.
542 3061 582 3124 ad
599 3061 721 3127 Callim.
738 3062 845 3148 hymn.
862 3061 892 3123 in
911 3061 1003 3124 Dian.
1019 3084 1050 3147 p.
1068 3081 1137 3144 135.
1183 3063 1283 3124 Recte
1300 3083 1369 3123 eor·

269 3159 343 3245 rigit
364 3163 522 3242 στρόφους,
548 3162 632 3248 quod
657 3162 796 3249 Scaliger
817 3186 945 3249 quoque
970 3163 1152 3250 conjecerat.
1198 3162 1373 3226 Scholiasta

270 3265 322 3328 τὰς
336 3266 471 3343 στροφὰς
485 3269 544 3326 τῶν
558 3270 666 3338 ζωνῶν.

315 3365 508 3450 Hesychius,
524 3367 617 3440 ζώνας
631 3389 663 3426 τε
679 3367 838 3442 συλλαβὰς
852 3365 994 3429 πέπλωνε
1019 3367 1086 3430 ἀντὶ
1100 3372 1152 3429 τοῦ
1164 3367 1210 3433 αἶς
1224 3366 1372 3444 ζῶννυμαι

271 3467 320 3529 καὶ
334 3467 541 3545 συλλαμβάνω
558 3467 625 3533 τοὺς
638 3465 780 3547 πέπλους.

312 3569 386 3652 458.
402 3570 490 3654 τύχῃ]
509 3571 586 3650 τύχα
602 3568 686 3632 Rob.
710 3569 805 3650 τύχαν
820 3568 870 3632 Μ.
888 3567 998 3631 Guell'.
1021 3571 1123 3650 τύχειν
1137 3567 1213 3631 Ald.

315 3670 400 3733 πέλει
417 3669 525 3734 Guelf.
549 3670 637 3733 πέλοι
652 3668 722 3733 libri
738 3668 859 3755 reliqui.

313 3772 531 3855 τύχῃ-πέλει]
550 3773 632 3847 Rex,
648 3770 725 3856 quid
740 3771 841 3835 verbis
856 3771 949 3835 modo
969 3771 1178 3857 pronuntiatis
1197 3768 1373 3855 significare

271 3873 356 3950 velit,
370 3873 456 3936 haud
470 3872 645 3958 intelligens
656 3874 839 3960 respondet:
866 3875 952 3947 Quid
966 3874 1059 3936 term?
1083 3874 1165 3935 Haec
1176 3874 1373 3950 vestimenta,

273 3975 427 4062 (strophia
441 3988 472 4039 et
489 3976 590 4057 zonae)
606 3976 774 4040 mulierum
789 3975 961 4039 corrditloui
975 3983 1075 4060 σριας
1101 3973 1132 4037 h.
1148 3997 1176 4037 e.
1193 3995 1251 4036 usu
1268 3993 1373 4057 recep-

272 4092 323 4138 tus
337 4090 383 4139 est
399 4075 449 4139 hic
463 4074 629 4139 mulierum
645 4090 783 4138 omatus.
808 4077 906 4138 SCH.

314 4197 389 4261 459.
406 4175 494 4260 καλιῇ
515 4182 602 4239 καλεῖ
615 4177 663 4239 Μ.
681 4175 791 4239 Guell.
808 4174 885 4238 Ald.
903 4175 986 4238 Rob.

315 4282 389 4357 460.
406 4277 481 4362 ἔσει]
497 4278 553 4363 ἔσῃ
567 4275 646 4340 libri.

315 4384 389 4457 461.
405 4379 583 4463 ὑποστήσω]
601 4378 780 4458 ὑποστήσεις
796 4376 1004 4441 Wellauerus.

315 4485 388 4562 462.
405 4480 593 4566 συζωμάτων]
610 4484 709 4546 Recte
722 4481 894 4561 ξυζωμῶτωυ
910 4480 1080 4543 Porsonus.
