2984 5054
510 345 578 406 AD
601 344 899 408 EUMENIDES.
1189 341 1255 412 569

198 513 271 577 866.
294 514 421 577 ἐνοικίου
435 512 459 576 δ’
476 515 609 600 ὄρνιθος]
630 517 715 578 Sunt
735 516 826 578 enim
836 513 932 601 galli,
948 524 984 577 ut
998 513 1144 599 loquitur
1154 515 1254 578 Varro

153 611 194 677 de
208 614 259 678 Re
274 615 405 679 Rustica
420 635 452 700 3,
467 636 500 700 9,
515 619 551 680 ια
570 618 739 682 certamine
757 618 1019 702 ρστῶιιαοεσΓιι
1039 616 1082 678 αθ
1096 616 1260 703 ρτινῐδαιιὲ.

152 716 228 789 dum
249 719 334 781 inter
352 739 386 783 τε
406 719 666 783 τηανθπισίθοποὸ.
704 717 798 783 Philo
812 719 889 799 Περὶ
912 722 964 781 τοῦ
976 719 1074 782 πάντα
1088 722 1251 783 σπουδαῖον

153 817 229 883 εἴναι
244 820 403 902 ἐλεύθερον
417 842 448 907 p.
465 821 538 904 885.
568 823 608 884 Ol
622 824 695 903 γοῦν
710 821 904 902 ἀλεκτρυόνες
919 822 1009 886 οὕτως
1024 820 1148 884 εῑῶθασι
1161 828 1251 902 φιλο·

153 922 291 989 κινδύνοις
312 923 519 1003 ἀγωνίζεσθαι,
535 923 613 987 ὥστε
634 925 708 1004 ῦπέρ
730 927 782 986 τοῦ
800 922 841 1002 μὴ
862 921 940 1000 εἶξαι
960 923 1007 985 καὶ
1025 925 1265 1004 παραχωρῆσαι·

152 1020 208 1085 κᾶν
227 1023 370 1102 ἡττῶνται
391 1030 453 1092 τοῖς
472 1023 634 1103 δυνάμεσιν
655 1025 711 1108 οῦχ
732 1025 876 1104 ἡττῶνται
898 1029 962 1090 ταῖς
983 1024 1160 1103 εὐτολμίαις,
1183 1025 1254 1108 ἄχρι

152 1125 210 1205 γὰρ
225 1123 354 1191 θανάτου
368 1125 600 1208 παραμένουσιν.
627 1127 795 1190 STANL.

196 1228 380 1311 870-880.
396 1230 436 1292 V.
452 1228 493 1293 ad
510 1252 540 1290 v.
556 1228 735 1314 837-846.

196 1329 269 1416 883.
283 1331 509 1416 πολισσούχων]
523 1337 732 1412 πολισσοῦχον
745 1327 823 1394 Ald.
845 1334 1051 1414 πολισσοῦχος
1067 1330 1171 1393 Turn.

195 1429 269 1511 887.
284 1429 396 1514 θέλεις]
414 1412 505 1520 (illlis
521 1434 571 1497 Μ.

192 1531 266 1594 888.
289 1530 447 1618 οὔτ’-δν]
472 1533 679 1599 scribendum
704 1534 751 1598 vel
774 1535 810 1599 οῦ
830 1534 887 1598 τῶν
909 1555 980 1597 oum
1000 1532 1182 1599 Wellauero
1204 1535 1252 1599 vel

151 1633 203 1698 οὐκ
217 1634 255 1699 δν
269 1658 342 1699 cum
358 1639 525 1701 Pearsono.

193 1736 371 1822 ἐπιρρέποις]
388 1737 553 1820 ἐπιρρέπεις
568 1737 678 1803 Guelf.
695 1738 773 1803 Ald.

194 1838 266 1923 889.
283 1842 370 1905 κότον
384 1839 451 1926 τιν’]
467 1844 554 1906 κότον
568 1867 601 1905 τε
616 1839 693 1905 Ald.
709 1864 749 1905 ex
763 1864 829 1928 quo
844 1844 931 1906 κότον
945 1839 1009 1905 ποτ’
1025 1840 1099 1905 fecit
1115 1841 1220 1904 Turn.

194 1941 268 2025 890.
292 1941 363 2030 τῇδέ
384 1943 412 2025 γ’
429 1944 564 2026 εῦμοίρου
580 1945 683 2008 Turn.
700 1942 808 2028 steph.
841 1943 911 2023 τῇδέ
928 1941 956 2025 γ’
972 1944 1095 2025 δμοίρου
1110 1942 1159 2005 Μ.
1176 1943 1250 2008 Par.

151 2042 258 2106 Guell'.
275 2043 351 2108 Ald.
385 2047 454 2126 τῇδε
474 2045 499 2110 δ’
520 2048 626 2129 ἆμαίρν
650 2045 718 2130 (sic)
744 2045 828 2111 Rob.
867 2047 967 2110 Recte
982 2045 1140 2110 Dobraeus
1161 2049 1253 2126 τῆσδε

149 2146 279 2230 wulpi·

40 2248 45 2259 '
193 2246 266 2329 892.
283 2248 377 2333 ἔχειν]
393 2249 471 2327 ἐξειν
486 2248 656 2314 Elmsleius
670 2250 758 2312 Mus.
775 2247 925 2312 Cantabr.
941 2249 972 2311 6.
987 2270 1018 2335 p.
1034 2268 1109 2333 303.

194 2348 266 2432 894.
283 2349 331 2412 καὶ
346 2349 381 2428 δή
395 2349 549 2436 δέδεγμαι]
566 2351 635 2414 Fac
648 2370 696 2413 me
710 2351 872 2435 αοοερίιισ.
898 2350 936 2412 V.
948 2348 1063 2413 Elmsl.
1078 2349 1119 2414 ad
1134 2350 1248 2438 Eurip.

150 2448 240 2512 Med.
255 2452 330 2535 380.
353 2452 643 2516 WELLAUER.

193 2554 265 2639 895.
282 2553 414 2618 εὐθενεῖν
430 2552 576 2641 Scaliger.
609 2558 727 2619 ἁθενεῖν
742 2553 826 2618 Bab.
862 2554 895 2618 εῦ
909 2554 1030 2619 σθένειν
1046 2556 1096 2620 Μ.
1130 2557 1162 2621 εῦ
1178 2561 1247 2621 σθε·

149 2660 212 2719 νεῖν
227 2656 331 2720 Turn.
355 2657 509 2721 εῦσθενεῖν
523 2656 600 2720 Ald.

191 2759 264 2843 897.
280 2759 449 2844 συμφορδς]
464 2756 617 2842 ξυμφορὰς
632 2760 792 2823 Porsonus
805 2772 897 2823 recte.

192 2858 264 2942 898.
281 2862 331 2923 καί
341 2860 404 2945 μοι]
418 2860 459 2940 μή
472 2885 523 2940 μοι
538 2863 612 2927 Par.

189 2963 356 3043 πρόπαντος
371 2962 575 3028 Abreschius.
597 2965 655 3045 πρὸ
670 2964 781 3031 παντὸς
794 2961 874 3028 libri.

191 3062 291 3148 θήσει]
309 3063 385 3143 θήσῃ
400 3063 481 3128 libri.

190 3164 263 3247 899.
301 3166 412 3249 ἔξεστι]
453 3166 570 3245 ἔξεστιν
599 3166 707 3231 Guelf.
738 3164 815 3229 Ald.
856 3166 939 3232 Rob.
986 3167 1244 3254 Interrogationis

146 3264 269 3352 signum
284 3265 316 3329 in
331 3266 394 3330 fine
409 3289 515 3331 versus
529 3281 652 3353 ponunt
667 3266 751 3331 Rob.
768 3266 877 3353 steph.

189 3389 262 3453 901.
279 3368 441 3454 θπικιήσει]
457 3369 599 3455 ἐπινοήσῃ
612 3368 693 3433 libri.

189 3489 263 3554 902.
300 3470 360 3551 τῇδ’
390 3472 571 3556 ἐφυμνῆσαι]
604 3469 665 3558 τῇδ’
692 3470 861 3552 εῦφημῆααι
888 3469 966 3535 Ald.
1007 3473 1076 3550 τῇδε
1107 3473 1243 3552 φημῆσαι

147 3575 250 3636 Turn.

188 3695 260 3760 903.
278 3676 371 3759 νίκης]
391 3673 595 3739 Scribendum
609 3677 705 3756 νείκης
715 3697 787 3740 cum
801 3675 995 3738 Hermanno.
1019 3675 1058 3739 V.
1069 3673 1110 3737 ad
1121 3675 1240 3760 Agam.

147 3778 239 3864 1378.

186 3896 259 3967 905.
276 3882 454 3946 Delendum
469 3901 591 3944 comma
605 3891 676 3966 post
690 3878 806 3960 ἀήματα
820 3877 967 3966 positum.
1001 3887 1002 3890 ’

186 3998 260 4067 907.
274 3984 404 4069 βροτῶν]
421 3980 626 4048 Scribendum
642 3987 742 4062 βοτῶν
756 4003 829 4046 cum
846 3978 994 4045 Smnleio.

185 4086 258 4169 908.
282 4086 472 4172 εὐθενοῦντα]
496 4086 688 4152 εῦθενοῦντας
711 4083 762 4146 Μ.
780 4080 889 4146 Guelf.
910 4079 987 4145 Ald.
1025 4078 1115 4144 Idem
1138 4079 1238 4145 voluit

142 4184 227 4248 Rob.
243 4187 298 4272 qui
313 4189 486 4275 typothetae
499 4210 602 4252 errore
617 4186 813 4251 εθθινοῦντας.

185 4304 257 4367 910.
275 4289 315 4350 In
327 4289 516 4372 ἐκφορωτέρα
525 4286 720 4353 Abresehiun
731 4285 897 4372 imaginem
908 4284 949 4349 ab
962 4284 1237 4370 ehtiomfim

141 4385 268 4451 ductam
289 4410 355 4454 esse
371 4390 537 4455 existimat.
574 4388 694 4477 Aptius
716 4402 820 4452 tamen
841 4399 898 4460 est,
913 4384 956 4450 sic
977 4385 1184 4472 interpretari,
1201 4397 1237 4448 ut

663 4507 718 4571 40
