2984 5054
185 338 252 400 ott
551 332 930 400 ANNOTATIONES

156 482 162 489 ’
230 505 364 566 Comma
377 516 449 589 post
464 506 612 582 δαιμόνιον
626 504 667 568 ab
682 503 850 568 Schuetzio
864 501 1018 567 additum.

230 605 319 669 σκιάν
335 603 503 668 Heathius.
526 605 596 669 σκιά
610 604 691 668 libri.

229 726 305 791 304.
334 708 411 769 Post
437 706 650 787 καθιερωμένος
679 703 890 791 interrogandi
918 704 1040 789 signum
1072 716 1156 766 recte
1185 705 1304 791 posuit

187 811 399 873 Hermanuus.
448 807 597 872 Irascitur
624 808 738 872 chorus
764 807 880 885 Oresti,
904 807 960 893 qui
983 804 1142 892 Apollinis
1167 820 1202 870 et
1229 807 1303 870 Mi-

186 934 291 974 nervae
315 910 449 974 confisus
479 909 577 974 tutela
606 909 723 975 nullam
753 910 906 973 minarum
933 909 974 973 ab
1002 908 1107 971 Furiis
1130 908 1299 993 jactatum

188 1012 338 1077 rationem
355 1011 458 1075 habet.

231 1132 305 1202 305.
320 1117 394 1200 306.
411 1114 553 1202 Apollini
569 1114 713 1180 tribuunt
728 1114 806 1180 Ald.
823 1117 927 1180 Turn.
945 1112 1056 1200 Steph.

231 1222 306 1303 306.
323 1217 455 1303 ἀκούσει]
470 1219 583 1303 ἀκούσῃ
598 1216 680 1282 libri.

228 1323 320 1399 dnum
342 1317 462 1398 δέσμιος
481 1341 607 1382 carmen
627 1319 827 1406 ligatorium,
844 1334 892 1383 est
913 1341 952 1382 ex
971 1338 1084 1405 genere
1107 1314 1300 1380 incantatio-

188 1443 277 1498 num,
293 1443 357 1507 quo
372 1420 463 1485 furioe
479 1423 620 1485 Orestem
644 1445 676 1485 se
694 1420 784 1509 quasi
805 1419 1025 1484 constricturas
1047 1433 1078 1482 et
1099 1416 1131 1480 in
1154 1431 1298 1504 potesta-

189 1541 251 1589 tem
268 1546 355 1588 suam
371 1523 549 1588 redactur-as
563 1547 628 1588 esse
644 1524 851 1588 minabantur.
894 1524 929 1585 Is
942 1523 1033 1601 ὕμνος
1048 1519 1168 1600 δέσμιος
1181 1518 1298 1606 incipit

190 1649 219 1689 v.
234 1646 310 1711 321.
332 1627 462 1713 ejusque
483 1626 572 1712 quasi
594 1626 781 1714 prooemium
804 1623 962 1689 versiculis
982 1640 1166 1709 307—320.
1188 1623 1298 1686 conti-

191 1744 293 1794 netur.
317 1731 419 1793 scH.

234 1851 307 1916 307.
324 1833 371 1895 κοὶ
385 1832 489 1916 χορὸν]
505 1834 629 1917 Nempe
644 1854 706 1894 non
720 1830 872 1895 canebant
887 1828 999 1906 solum,
1012 1826 1065 1890 sed
1077 1841 1109 1890 et
1124 1827 1296 1905 saltabant,

191 1957 319 2019 prorsus
334 1949 370 1996 ut
386 1932 640 2019 Shakespearius‚
655 1935 686 1996 in
704 1932 867 1996 Macbethi
882 1931 1047 2019 tragoedia,
1062 1929 1297 1994 nobilissimum

192 2035 269 2099 illud
286 2057 429 2122 sagarum
445 2036 597 2099 canticum
614 2035 758 2100 instituit.
783 2037 884 2099 SCH.

234 2141 310 2224 308.
321 2143 439 2219 μοῦσαν
453 2141 602 2220 οτνγερδν
617 2139 806 2202 horrendum
821 2158 960 2213 carmen,
976 2136 1078 2223 ipsum
1094 2133 1182 2199 illum
1198 2136 1298 2214 ὕμνον

193 2241 326 2322 δέσμιον.
351 2242 451 2304 SCH.

236 2364 310 2430 309.
326 2345 476 2431 δεδόκηκε]
496 2347 655 2425 δεδόκημεν
669 2344 748 2409 Ald.
765 2346 849 2410 Rob.

236 2466 310 2531 311.
334 2445 409 2532 ἃμα]
434 2445 638 2510 Scribendum
658 2446 804 2527 bpdcum
821 2449 966 2510 Cantero.
1013 2445 1089 2509 Post
1111 2443 1172 2523 ἁμέ
1193 2466 1298 2531 punc·

195 2563 261 2613 turn
266 2564 361 2636 ,post
374 2547 537 2629 ἡδόμεθ’
508 2574 583 2613 εινοι
598 2550 687 2613 colon
703 2563 848 2634 ponatur.

237 2650 491 2737 patrioticum]
509 2650 712 2714 Desideratur
731 2649 860 2736 dipodia
872 2648 1077 2727 acamlectica
1092 2669 1188 2734 quam
1206 2647 1298 2711 resti·

196 2752 256 2817 tuit
273 2755 476 2816 Hermannus
491 2752 738 2817 εὐθνδίκοιοι-.

239 2853 278 2937 θ’]
299 2852 504 2916 Scribendum
520 2853 544 2915 δ
561 2876 632 2916 cum
650 2854 845 2918 Casaubono.

237 2952 355 3034 ἡδόμεθ’
378 2952 465 3037 εἶναι]
488 2952 676 3032 οἱδοίμεὸ
647 2980 723 3019 εινοι
742 2956 792 3019 Μ.
809 2953 917 3019 Guelf.
934 2953 1016 3018 Rob.
1040 2914 1199 3035 οῐδοίμεσθ
1216 2953 1297 3020 εἶναι

196 3057 271 3122 Ald.
294 3053 432 3136 tranent
450 3057 551 3119 Turn.
569 3056 677 3141 Steph.
700 3057 754 3121 οἶδ’
771 3056 852 3138 οἶμαι
867 3062 964 3121 θειναι
978 3059 1020 3121 Τ.

239 3180 314 3245 313.
333 3158 386 3222 τὸν
398 3161 574 3239 μὶν-προσ
575 3157 684 3244 έ’μοντ]
700 3161 767 3227 τοὺς
779 3161 1100 3241 μὲν-προσνέμοντας
1115 3159 1297 3242 (προνέμον

196 3291 249 3332 τας
264 3265 321 3349 Τ.)
338 3261 417 3326 libri.
441 3260 507 3328 τοὺς
527 3264 753 3346 μὲν-ἔχοντος
774 3261 953 3326 correctoris
974 3260 1092 3325 metrici
1114 3261 1297 3346 conjectura

197 3368 237 3453 ab
257 3366 411 3432 Turnebo
433 3382 610 3430 memorata.
657 3365 852 3453 singularem
876 3387 1040 3429 numerum
1064 3363 1295 3429 restituendum

197 3492 262 3535 esse
281 3483 363 3532 recte
384 3466 602 3532 animadvertit
618 3466 784 3547 Heathius,
801 3467 855 3531 sed
877 3465 956 3530 male
978 3464 1099 3553 scripsit
1120 3464 1174 3528 τὸν
1193 3467 1297 3546 μὲν-

198 3570 308 3655 ἔχοντα
322 3570 388 3654 γάρ,
404 3592 503 3656 quum
519 3586 640 3634 servato
660 3569 746 3655 quod
768 3568 890 3634 codices
911 3567 1052 3655 praebent
1067 3567 1162 3631 verbo
1183 3568 1295 3649 προνέ-

197 3672 278 3754 μοντ’
293 3673 432 3750 deberet,
446 3671 531 3757 quod
548 3671 579 3735 in
595 3671 729 3736 editione
743 3695 799 3735 sua
813 3670 918 3758 posuit
934 3673 1146 3735 Hermannus.
1192 3669 1295 3733 Simil-

197 3774 272 3838 limo
286 3798 389 3838 errore
403 3774 456 3837 τὸν
470 3779 564 3840 κακῶς
583 3773 747 3855 πράσσοντ’
762 3775 794 3837 in
816 3774 882 3841 τοὺς
904 3779 996 3841 κακῶς
1015 3774 1207 3855 πράσσοντας
1227 3794 1296 3837 cor·

198 3890 329 3961 ruptum
345 3876 405 3939 fnit
421 3872 579 3938 Prometh.
598 3876 669 3955 264

241 3996 317 4061 314.
342 3976 477 4060 ἐφέρπει]
494 3974 626 4039 Hiatunr
646 3975 748 4041 verbis
768 3975 857 4040 aliter
878 3975 1064 4040 collocandis
1084 3974 1293 4041 amovendum

193 4077 358 4166 judicabat
373 4079 540 4153 Porsonus‚
557 4079 635 4143 οὔτις
648 4077 774 4159 έφέρπει
786 4082 872 4157 μῆνις
886 4077 937 4159 ἆφ’
952 4080 1043 4158 ἡμῶν.

242 4180 316 4263 316.
338 4178 480 4261 ἀλιτρῶν]
507 4176 712 4241 Scribendum
735 4180 846 4242 ἀλιτῶν
862 4201 933 4243 cum
958 4178 1106 4256 Stanleio,
1122 4178 1177 4263 qui
1197 4198 1296 4264 provo

199 4295 328 4346 accentu
344 4280 455 4343 δλιτῶν
469 4276 601 4364 scripsit.

243 4381 332 4471 ἁνὴρ]
349 4381 423 4463 ἀνὴρ
437 4380 518 4445 libri.

243 4504 317 4571 317.
333 4483 451 4569 φονίας]
466 4484 588 4567 φονίους
601 4481 676 4548 Par.
