2984 5054
528 368 596 433 AD
618 369 948 433 CHOEPHORAS.
1223 367 1285 435 491

234 533 307 618 805.
324 535 402 598 Post
415 534 495 599 τέκοι
507 550 659 624 punctum
676 552 820 624 ponatur.
867 533 1049 611 Scholiasta,
1064 531 1288 613 Ἀγαμέμνονος

190 637 208 697 ό
229 636 358 705 παλαιὸς
379 640 472 720 φόνος
492 639 532 719 μδ
550 640 729 726 συγχωρήσῃ
750 636 848 720 φόνον
866 640 907 721 τῷ
923 634 1055 717 Ὀρέστῃ
1073 638 1216 717 τεχθῆναι
1240 637 1288 698 διδ

191 734 244 799 τδν
257 740 356 818 φόνον
368 737 522 822 Ὀρέστου.

236 839 415 905 806-811.
432 844 547 907 Versus
557 841 844 929 epiphthegmatici,
859 840 1020 927 repetendi
1042 852 1113 927 post
1129 838 1288 924 stropham

189 940 380 1024 proximam,
395 943 450 1008 ubi
471 944 588 1009 librarii
610 943 770 1009 brevitatis
784 966 893 1009 caussa
907 945 1012 1009 denuo
1026 942 1159 1008 scribere
1180 940 1290 1005 omise-

190 1055 276 1106 runt.

237 1145 310 1210 806.
332 1149 401 1213 τόδε
417 1149 466 1232 (τὸ
480 1153 514 1214 δε
528 1149 625 1228 Rob.‚
640 1148 694 1213 sed
710 1153 743 1214 δε
757 1148 823 1213 sine
840 1150 985 1231 accentu)
1009 1154 1106 1215 καλῶς
1128 1145 1289 1232 κτάμενον]

195 1246 279 1311 Hac
300 1263 464 1338 utcunque
484 1251 619 1338 explicat
640 1248 813 1329 scholiasta,
833 1254 881 1316 διὰ
901 1256 987 1315 τοῦτο
1009 1251 1044 1315 τὸ
1060 1257 1157 1317 καλῶς
1175 1251 1292 1329 ἀναιρε-

193 1352 371 1429 θησόμενον·
393 1353 480 1434 λέγει
494 1357 526 1419 δὲ
540 1355 575 1418 τὸ
590 1355 662 1434 οἶμα
676 1358 728 1417 τοῦ
744 1355 899 1434 Αἰγίσθου.
939 1352 1181 1417 “scribendum
1204 1351 1239 1414 τὸ
1260 1352 1292 1413 δὲ

194 1456 292 1518 καλῶς
306 1454 442 1532 κτίμενον
456 1451 480 1517 ὦ
493 1454 572 1536 μέγα
582 1457 674 1518 ναίον
689 1454 822 1533 στόμιον.
848 1453 908 1517 Vix
923 1477 1004 1541 opus
1017 1469 1064 1519 est
1078 1467 1115 1519 ut
1130 1451 1292 1519 Homerici

193 1552 366 1633 ἐϋκτίμενον
387 1557 637 1621 admoneamus.”
659 1556 973 1621 BAMBERGER.
990 1556 1023 1619 in
1046 1552 1293 1620 Zimmermanni

194 1651 306 1718 Diario
320 1677 349 1718 a.
368 1657 458 1741 1836.
474 1681 504 1745 p.
520 1661 595 1743 566.

238 1751 312 1834 807.
328 1757 463 1842 στόμιον]
487 1761 530 1824 οο
546 1760 711 1846 κριίιυιοα.
734 1759 876 1847 Hesych.
892 1761 1022 1840 Στόμιοι
1047 1757 1197 1842 χάσματα.
1237 1760 1294 1822 So-

193 1853 297 1940 phocl.
321 1860 402 1925 Ant.
420 1864 511 1928 1216.
532 1862 625 1944 άρμδν
646 1864 783 1945 χόματος
804 1865 971 1940 λιθοσπαδῆ
995 1862 1108 1928 Διίντες
1127 1861 1202 1942 πρὸς
1224 1860 1294 1923 αὐτὸ

194 1957 328 2036 στόμιον.
374 1962 532 2027 Heathiua
546 1964 606 2028 hoc
616 1978 699 2029 recte
712 1964 753 2029 ad
769 1963 951 2052 Apollinem
965 1963 1073 2039 refert,
1088 1962 1144 2048 qui
1167 1962 1294 2048 spelun-

193 2079 263 2123 cam
286 2061 421 2148 Delphis
442 2064 604 2132 insidebat.
651 2067 742 2132 Infra
756 2085 832 2153 940.
852 2066 949 2148 μέγαν
968 2065 1048 2148 ἔχων
1064 2064 1162 2147 μυχὸν
1176 2065 1296 2147 χθονός.

196 2161 313 2225 Strabo
328 2163 368 2228 tle
387 2166 513 2229 oraculo
527 2166 682 2255 Delphico
702 2189 733 2252 9.
748 2192 779 2256 p.
795 2170 870 2250 641.
892 2171 1084 2249 ὑπερκεῖσθαι
1105 2169 1138 2230 δὲ
1160 2172 1212 2229 τοῦ
1227 2191 1296 2229 οτο-

193 2263 265 2342 μίου
278 2266 402 2346 τρίποδα
414 2270 544 2350 ὑψηλόν.
567 2270 742 2334 BLOMF.
780 2272 831 2335 De
845 2272 929 2335 Orco
943 2268 1097 2334 intellexit
1112 2266 1287 2334 scholiasta.

242 2364 316 2429 808.
332 2368 457 2453 ἀνιδεῖν]
476 2369 514 2434 δν
529 2373 603 2435 ἰδεῖν
617 2370 700 2434 Rob.

239 2467 363 2555 ἀνδρός]
380 2470 511 2535 Orestis.

240 2568 315 2632 810.
332 2571 449 2636 Versus
462 2570 675 2658 interpolatus.
707 2572 732 2636 τ’
748 2572 871 2638 addunt
888 2574 992 2636 Turn.
1009 2571 1132 2657 Steph,
1147 2571 1298 2634 omittunt

194 2667 268 2732 libri
280 2669 402 2757 reliqui.

241 2771 317 2834 811.
339 2774 453 2852 ὄμμασι
471 2776 631 2858 δνοφερὰς]
655 2778 786 2856 ὄμμασιν
807 2777 840 2840 ἐκ
863 2780 1010 2858 δνοφερᾶς
1031 2776 1236 2838 Hermannus
1257 2771 1298 2835 ad

196 2873 307 2959 Viget.
329 2896 361 2959 p.
383 2889 455 2959 779.
489 2876 656 2942 Schutzius
679 2876 812 2943 contulit
838 2902 868 2943 v.
888 2897 942 2961 49.
961 2876 1110 2956 Ἀνήλιοι,
1133 2883 1299 2957 βροτοστυ-

195 2979 263 3056 γεῖς
281 2972 287 3059 Ι
307 2976 414 3056 δνόφοι
430 2980 610 3042 καλθπτουσι
624 2981 730 3058 δόμους
748 2978 753 3065 Ι
772 2985 925 3044 δεσποτῶν
941 2978 1106 3043 θανάτοισι.
1123 2976 1299 3041 BLOMF.

197 3074 388 3139 Genitivum
402 3075 480 3162 legit
493 3078 665 3158 scholiasta,
680 3079 737 3165 qui
751 3081 854 3146 verbis
867 3086 920 3145 τοῦ
936 3079 1059 3145 σκότους
1072 3077 1218 3166 explicat.

242 3176 319 3241 812.
336 3177 497 3262 ξυλλάβοι]
521 3180 670 3259 ξυμβάλοι
685 3181 793 3245 Guels.
816 3205 836 3245 a
856 3203 896 3244 m.
920 3203 969 3266 pr.
986 3192 1017 3243 et
1033 3178 1116 3242 Rob.
1150 3176 1301 3256 ξνμλάβοι

197 3276 313 3342 Guelf.
327 3301 348 3341 a
361 3291 532 3342 correctore
545 3294 577 3343 et
591 3280 670 3344 Ald.

243 3377 286 3465 δ’]
318 3377 526 3443 scribendum
549 3379 573 3445 δ’
600 3381 639 3447 δν
665 3403 739 3446 cum
763 3381 969 3446 Lachmanno
997 3376 1149 3442 dechor.
1175 3389 1302 3460 system.

194 3503 321 3665 p813.
353 3582 583 3667 ἔπιφοροίτοτος]
614 3582 724 3647 Lectio
748 3582 869 3648 vitiosa.
906 3582 973 3648 ἐπεὶ
1000 3578 1181 3660 φορώτατος.
1207 3597 1305 3661 ΨΜ

192 3705 354 3772 prospero
381 3691 412 3746 et
437 3685 569 3747 violento
585 3689 676 3770 stota
688 3686 839 3770 feratur,
864 3707 916 3750 res
944 3679 1100 3748 secandas
1129 3677 1307 3754 concedam,

196 3785 376 3871 Emporius
386 3785 471 3870 apud
484 3785 730 3872 Bambergerum
742 3785 773 3849 in
786 3780 1037 3851 Zimmermanni
1050 3778 1159 3842 Diario
1169 3800 1198 3840 a.
1212 3777 1306 3859 1836.

195 3910 232 3974 p.
256 3887 336 3972 566.
368 3888 607 3966 ἐπιφθορότατος
628 3889 841 3952 Hermannus.
873 3896 896 3927 “
910 3883 1153 3967 ἑπιῲθορότατος
1173 3877 1213 3940 de
1238 3898 1311 3962 per·

196 3989 281 4053 nicie
297 3985 547 4072 Clytaemnestroe
558 4004 590 4050 et
605 3987 755 4075 AEgistho
769 3986 934 4054 inferenda
952 3981 1156 4070 capiendum.
1192 3976 1311 4087 Vulgo:

196 4105 269 4155 tum
299 4089 521 4169 ἔπιφορῶτατος
547 4088 637 4153 facile
667 4113 698 4153 se
728 4104 881 4169 tueretur,
907 4087 1007 4153 modo
1034 4096 1135 4146 metro
1164 4075 1314 4162 strophict

195 4193 393 4258 conveniret.
427 4191 578 4253 Attamen
601 4193 671 4278 ejus
692 4192 778 4255 notio
794 4193 862 4278 jam
887 4193 920 4255 in
953 4183 1069 4269 πρᾶξιν
1094 4183 1197 4261 οὐρίαν
1220 4180 1317 4239 τελῶν

194 4290 428 4379 comprehensa
451 4291 525 4352 est?
550 4293 650 4356 SCH.
698 4294 870 4375 φορώτατος
893 4290 975 4378 legit
1000 4283 1179 4351 scholiasta,
1206 4279 1245 4342 ὡς
1270 4273 1320 4336 ἐπὶ

194 4395 315 4475 άνέμου
331 4391 425 4461 εἶπεν,
442 4390 507 4453 ἀντὶ
521 4397 574 4453 τοῦ
588 4395 794 4473 λογικοίτατος.

242 4519 323 4595 814.
341 4509 452 4594 θέλων]
468 4495 557 4575 ollio
572 4514 622 4576 M.
645 4520 740 4577 τελῶν
756 4514 955 4578 Schuetzius.

706 4616 725 4680 3
745 4616 801 4663 αι
