2984 5054
496 366 564 429 AD
588 363 918 430 CHOEPHORAS.
1196 360 1261 432 498

204 534 278 600 822.
303 532 440 620 κρεκτὸν]
464 540 592 615 κρεκτῶν
608 535 710 598 Tum.
750 533 874 598 Inserui
896 535 929 597 hl
950 545 1022 620 post
1042 535 1118 611 όμοιῖ
1135 532 1178 596 oh
1196 553 1261 597 mo-

161 649 256 701 trum.
293 635 484 722 Hesychius,
499 659 519 700 a
534 634 671 701 Stanleio
686 635 851 710 laudatus;
877 639 1038 717 Θρεκτοῖσι
1053 631 1170 714 νόμοιςι
1194 634 1262 699 ἀντὶ

161 741 214 800 τοῦ
235 735 369 818 τραχέσι.
407 740 566 819 Σοφοκλῆς
586 735 734 803 Ὀδυσσεῖ
754 735 945 821 Μοινομένιρ.
970 735 1045 800 ένιοι
1062 736 1105 809 δὲ,
1120 741 1261 817 κρεκποῖς.

162 838 317 916 Quoniam
331 859 405 901 vero
419 837 599 920 hujusmodi
614 837 776 902 cantilenae
797 838 892 902 rebus
913 834 992 901 laetis
1013 858 1125 924 parum
1147 858 1259 901 conve·

162 939 228 1003 nire
243 937 400 1019 videntur,
412 937 516 1004 malim
533 940 634 1026 legere
649 941 684 1004 οὐ
699 942 731 1004 δὲ
747 939 867 1021 κρεκτὸν
881 944 998 1023 γοατιῖν
1013 937 1114 1018 νόμον,
1129 940 1184 1003 aad
1197 961 1262 1004 nott

162 1041 267 1129 praelia
280 1041 320 1105 ab
333 1043 377 1106 iis
387 1044 443 1128 qui
454 1043 670 1107 &intentantur
684 1043 882 1129 ingemiscam
892 1041 977 1105 solat.
1003 1040 1081 1104 Vide
1091 1055 1208 1120 autem,
1220 1063 1260 1106 an

163 1143 327 1222 cantilena,
338 1166 434 1231 quam
450 1168 483 1209 se
496 1145 653 1210 editurum
669 1167 735 1208 esse
749 1145 793 1208 ait
807 1144 931 1221 chorus,
944 1143 1013 1207 haec
1028 1143 1140 1209 fuerit:
1165 1143 1263 1210 Πόλει

163 1245 223 1311 τόδ’
241 1247 283 1311 εὖ.
306 1245 390 1326 ἐμόν,
409 1246 483 1327 ἐμὸν
504 1246 529 1311 δ’
545 1275 569 1311 κ.
585 1273 610 1310 τ.
626 1255 659 1312 λ.
705 1248 744 1310 ln
767 1246 835 1311 loco
857 1260 979 1311 tantum
1001 1267 1067 1310 non
1088 1245 1261 1334 deplorato,

163 1349 352 1436 conjecturae
365 1347 507 1413 nonnihil
521 1346 748 1436 indulgendum
760 1346 910 1434 judicavi.
933 1349 1109 1414 BLOMF.

207 1449 323 1533 γοήτων
350 1450 453 1514 Turn.
484 1449 592 1538 Steph.
638 1449 863 1515 Revocandum
894 1456 1018 1532 γοήτῶν,
1044 1450 1131 1538 quod
1161 1464 1208 1516 est
1230 1450 1264 1515 in

165 1552 252 1618 libris
274 1551 408 1638 reliquis.
443 1559 465 1590 “
477 1551 580 1616 Schol.
595 1550 727 1635 γοήτωνε
751 1551 805 1616 τὸν
826 1557 885 1616 τῶν
905 1551 1031 1635 γοήτων,
1047 1553 1076 1617 οῖ
1097 1554 1137 1620 ὣς
1158 1551 1264 1636 ᾄδουσι

165 1652 328 1737 περιϊόντες
339 1654 394 1732 τήν
407 1651 507 1718 πόλιν.
555 1653 617 1718 Sed
641 1653 707 1717 haec
722 1652 935 1740 interpretatio
949 1654 1075 1733 nemini,
1091 1669 1128 1719 ut
1141 1654 1263 1742 opinor,

166 1754 311 1845 placebit.
357 1753 472 1841 Sctipsi
493 1759 619 1836 γοητῶν,
642 1754 739 1820 debui
760 1756 865 1820 forsan
886 1762 1012 1838 γοατῶν,
1031 1757 1158 1844 genitiv.
1181 1781 1223 1823 sc.
1245 1779 1265 1823 a

167 1859 285 1944 γοότης.
331 1856 416 1922 Olim
439 1857 617 1943 suspicabar
632 1858 748 1939 γοήτων
761 1872 940 1946 corruptam
963 1859 1059 1924 fuisse
1081 1883 1121 1925 ex
1141 1859 1263 1941 βοήτόν,

166 1959 254 2048 quod
269 1958 421 2046 glossema
434 1958 531 2022 suerit
544 1965 608 2038 τοῦ,
625 1959 775 2041 κρεκπόν.”
797 1962 972 2026 BLOMF.
1005 1960 1080 2027 Alia
1094 1961 1266 2030 scholiastae

167 2062 327 2129 annotatio
349 2062 419 2127 hoec
441 2075 497 2141 est,
522 2065 596 2143 όμοΰ
619 2062 789 2143 μεθήσομεν
811 2063 863 2128 τὸν
889 2064 1010 2147 κρεκπὸν
1032 2064 1149 2146 γοήτων
1173 2064 1267 2146 νόμον

170 2171 258 2253 (όμοῦ
271 2165 436 2245 τεθήσομεν
450 2170 510 2228 τῶν
524 2169 652 2241 κρεκτιῖν
665 2163 782 2246 γοήτων
797 2163 896 2246 νόμων
910 2165 960 2231 ed.
976 2166 1141 2249 Robora),
1157 2169 1175 2230 ό
1190 2169 1265 2242 ἐστι,

170 2271 218 2334 καὶ
232 2275 291 2334 τῶν
305 2270 426 2350 ἀγαθῶν
440 2267 475 2346 τῇ
497 2264 585 2331 πόλει
601 2269 813 2348 μεταδώσομεν
828 2271 876 2333 καὶ
890 2268 944 2332 τὸν
957 2267 1170 2351 Ἀγαμέμνονα
1184 2269 1267 2333 όκιν-

171 2374 263 2440 δόνως
277 2370 472 2453 θρηνήσομεν.

213 2475 286 2560 823.
302 2469 410 2556 νόμον]
427 2469 526 2550 νόμων
541 2471 590 2533 Μ.
606 2493 626 2533 a
639 2493 687 2556 pr.
700 2493 741 2534 m.
757 2485 789 2536 et
805 2470 913 2558 steph.

212 2572 393 2658 μεθήσομεν]
407 2573 598 2653 μεθέλσομεν
612 2573 698 2636 Rob.

212 2681 285 2764 825.
308 2675 455 2741 Alterum
472 2673 545 2754 έμθν
559 2697 620 2739 om.
637 2675 721 2740 Rob.
760 2672 942 2755 Scholiasta,
958 2679 995 2740 τὰ
1018 2682 1114 2745 καλῶς
1135 2678 1268 2757 ἀποβαῖ-

172 2807 263 2847 νοντα
283 2779 318 2843 τὸ
336 2779 409 2857 ἐμὸν
430 2775 530 2866 κέρδος
548 2778 641 2842 ἐστίν·
664 2783 723 2842 τιῖν
734 2779 767 2841 δὲ
781 2779 848 2858 περὶ
862 2776 1011 2860 Ὀρέστην
1032 2779 1079 2843 καὶ
1097 2778 1269 2861 Ἠλέκτραν

171 2882 334 2965 ἀπαλλαγή
349 2883 426 2961 liras.

216 2987 287 3049 826.
304 2984 372 3067 ἄτα]
392 2979 448 3062 ότή
463 2982 512 3045 Μ.
536 2983 591 3062 θοή
606 2981 690 3046 Rob.

215 3084 393 3167 ἀποστατεῖ]
421 3086 570 3150 Seorsum
596 3093 670 3149 stat.
708 3083 864 3148 Stanleius
889 3084 1009 3149 confert
1032 3088 1148 3172 Agam.
1175 3102 1268 3172 1073.

172 3191 252 3254 ἆλκθ
265 3189 290 3252 δ’
306 3190 374 3254 έκᾶς
388 3187 561 3250 ἀποστατεῖ.
602 3185 652 3249 Sic
674 3187 772 3250 Eum.
789 3202 863 3268 417.
880 3184 992 3268 Πρόσω
1007 3190 1126 3252 δικαίων
1141 3185 1183 3266 ἥδ’
1196 3189 1269 3251 dno-

172 3297 279 3355 σπαπεῖ
291 3289 384 3370 θέμις.
406 3289 580 3353 BLOMF.

217 3396 290 3476 827.
311 3391 396 3477 όταν]
411 3390 452 3455 ὅτ’
469 3391 507 3456 ἂν
522 3392 573 3455 Μ.
589 3389 665 3454 Ald.
683 3391 765 3455 Rob.
804 3389 892 3456 Huic
906 3391 1010 3456 versui
1025 3393 1087 3474 θέρ.
1104 3392 1269 3480 praefixum

172 3497 204 3561 in
220 3497 304 3561 Rob.
329 3491 511 3569 Scholiasta,
522 3494 544 3556 ὦ
555 3491 699 3573 Ὀρέστα,
714 3494 753 3556 σὺ
767 3495 800 3556 δὲ
815 3498 929 3574 θαρρῶν
945 3494 1010 3574 ἐμοὶ
1025 3494 1130 3558 τέκνον
1142 3495 1271 3578 θροοόσῃ

172 3598 245 3681 πρὸς
260 3600 297 3661 σὲ
311 3596 422 3678 πατρὸς
437 3595 539 3673 αὐδὰν,
555 3597 573 3657 ό
592 3597 687 3672 ἐστιν,
700 3595 739 3660 ὣς
756 3594 794 3659 ἂν
810 3597 836 3658 εἰ
850 3596 945 3677 πατὴρ
961 3598 1183 3675 συμβουλεύσῃ,
1199 3597 1273 3660 όταν

172 3702 227 3786 ἥκῃ
243 3699 352 3780 καιρὸς,
369 3697 445 3781 έργιρ
461 3699 609 3778 ἐπιβαλοῦ
624 3694 878 3776 ἐπικαλεσάμενος
896 3697 930 3760 τὸ
947 3700 1071 3761 εἴδωλον
1085 3703 1137 3761 τοῦ
1152 3694 1272 3778 πατρός·

173 3800 305 3884 πρόσεχε
320 3803 353 3864 δὲ
369 3800 455 3879 κάμοὶ
470 3799 718 3884 συμβουλευούσῃ
739 3824 789 3862 σοι
812 3798 861 3861 olo
879 3798 983 3879 πατήρ.
1005 3799 1095 3881 μέρος
1118 3800 1231 3881 έργωντ
1255 3802 1273 3863 ό

175 3905 275 3986 καιρός
289 3910 342 3967 τοῦ
358 3905 456 3985 ἔργον.

216 4006 286 4092 ἥκῃ]
303 4007 368 4084 ήκει
382 4004 461 4069 Ald.

219 4111 291 4176 828.
317 4107 464 4193 έπαθσας]
488 4107 620 4174 έπανσας
639 4107 746 4173 Guell.
763 4107 840 4173 Ald.
875 4109 1010 4188 έσβόσας
1030 4107 1130 4172 codex
1150 4108 1275 4173 Robor-

176 4211 250 4275 telli.

219 4315 349 4398 θροοόσιρ
363 4326 507 4401 separato
522 4335 613 4376 versu
629 4312 778 4399 scriptum
795 4313 826 4375 in
843 4312 893 4376 M.
909 4324 941 4376 ct
955 4311 1029 4376 edd.
1046 4326 1122 4376 vett.
1147 4316 1278 4393 θροοῦσα

176 4415 285 4479 Guell.
302 4415 378 4480 Ald.
409 4417 521 4502 Oporloa
536 4415 620 4479 Rob.
647 4416 776 4502 θροοόοῃ
792 4416 896 4478 Turn.
928 4416 1120 4501 “Apertum
1141 4413 1278 4490 est,”in-

176 4516 246 4602 quit
263 4517 420 4583 Seidlerus
433 4517 474 4583 de
490 4519 592 4582 Versa.
608 4516 745 4582 Dochm.
761 4539 791 4603 p.
807 4518 881 4596 406.
898 4523 920 4555 “
933 4514 1066 4580 librariis
1079 4515 1186 4581 deberi
1204 4539 1276 4606 pra·
