2984 5054
239 351 305 415 488
602 353 980 419 ANNOTATIONES

240 518 280 583 cl.
298 520 454 607 Harpocr.
471 543 500 584 v.
519 519 713 601 ἐκδεξάμενος
727 545 766 586 ex
781 544 881 609 eoque
898 520 987 587 Suid.
1011 521 1244 586 ABRESCH.
1279 522 1339 584 Ce-

242 636 344 686 terum
355 621 386 684 in
398 636 463 686 toto
475 622 533 686 hoc
545 623 674 687 nutricis
689 647 829 689 sermone
838 624 1062 689 admirabiliter
1074 625 1193 689 effinxit
1203 622 1340 710 AEschy·

240 723 290 787 lus
312 722 372 788 boc
394 724 646 789 muliercularum
667 749 776 814 genus,
799 749 971 813 earumque
995 749 1163 814 puerorum
1190 748 1339 802 amorem,

240 826 467 914 garrulitatem,
484 827 682 892 minimarum
705 851 809 893 rerum
832 843 1009 893 accuratam
1031 828 1209 892 memoriam
1229 828 1272 891 sic
1286 851 1339 892 ex·

240 928 364 1017 pressit,
381 944 416 992 ut
430 951 470 992 ex
484 929 552 1015 ipsa
566 944 677 994 natura
691 930 829 995 hausisse
844 931 998 1008 videatur,
1010 951 1203 1017 quamquam
1215 928 1341 993 videtur

241 1030 335 1095 etiam
359 1030 431 1096 boni
453 1031 533 1095 senis
555 1032 713 1096 Pboenicis
734 1033 819 1120 apud
840 1033 938 1096 Hom.
954 1033 994 1096 Il.
1012 1039 1038 1111 l,
1053 1034 1127 1114 482.
1144 1055 1211 1119 sqq.
1228 1031 1338 1119 imagi-

241 1153 312 1196 nem
327 1132 430 1197 animo
440 1146 472 1196 et
487 1134 635 1198 memoria
648 1135 821 1200 recoluisse.
846 1135 946 1199 SCH.

284 1234 385 1319 πατρὶ]
415 1260 448 1302 ος
476 1236 720 1324 superscriptum
750 1238 781 1301 in
809 1237 858 1300 M.
885 1260 925 1301 ex
953 1235 1133 1322 conjectura
1159 1235 1341 1300 correctoris

242 1335 503 1401 constructionem
525 1337 611 1402 verbi
635 1339 776 1423 δέχεσθαι
797 1337 978 1426 ignorantis,
993 1336 1033 1401 de
1051 1360 1115 1424 qua
1133 1360 1164 1402 v.
1181 1339 1341 1402 Porsonus

241 1453 273 1503 et
290 1438 464 1502 Schaelerus
478 1438 519 1502 ad
535 1438 648 1527 Eurip.
665 1441 792 1506 Hecub.
806 1461 881 1527 539.

286 1541 359 1624 764.
375 1542 500 1628 στείχω]
517 1544 646 1625 στείχων
662 1545 710 1608 Μ.

286 1645 359 1728 765.
388 1644 545 1728 πεύσεται]
576 1645 702 1711 πεύσετε
732 1644 808 1710 Ald.
854 1643 1077 1709 Insuavitatem
1108 1642 1204 1728 hujus
1233 1665 1341 1707 versus

241 1744 362 1809 notavit
392 1745 551 1809 Butlerus.
596 1746 755 1832 Equidem
786 1746 983 1811 scribendum
1013 1756 1093 1832 puto
1118 1747 1205 1810 τόνδε
1233 1747 1340 1827 λόγον.

245 1848 348 1934 Supra
364 1864 436 1930 724.
459 1845 550 1929 φάτιν
565 1845 685 1912 Ἐλθὼν
706 1851 832 1929 πύθηται
852 1849 949 1929 τήνδε.
987 1865 1059 1933 731.
1084 1846 1141 1913 εὖτ’
1155 1848 1194 1913 δν
1214 1849 1341 1926 πύθηται

241 1953 345 2030 μῦθον.
369 1951 543 2014 BLOMF.
582 1951 788 2015 Accusativos
802 1964 885 2015 recte
900 1950 1035 2015 restituit
1050 1948 1266 2014 Blomfieldus.

287 2052 362 2132 766.
379 2053 476 2115 Hunc
487 2073 624 2129 versum,
635 2075 706 2116 cum
720 2052 846 2117 duobus
860 2053 1002 2139 proxime
1013 2051 1225 2139 sequentibus,
1236 2050 1340 2117 Oresti

243 2152 354 2218 tribuit
369 2154 452 2219 Rob.
491 2150 598 2218 Choro
613 2156 714 2218 Turn.
732 2152 842 2240 Steph.
866 2154 1041 2219 BLOMF.

287 2259 360 2340 767.
374 2253 393 2335 ἢ
406 2255 483 2343 πῶς]
501 2256 706 2321 Scribendum
721 2260 885 2324 bruscum
902 2255 1076 2321 Schuetzio.

286 2358 360 2441 768.
376 2360 403 2423 εἰ
418 2360 523 2422 Turn.
541 2359 649 2446 Steph.
671 2357 690 2439 ἢ
705 2358 776 2423 libri
790 2358 911 2445 reliqui.

287 2478 359 2544 770.
374 2460 415 2542 μή
430 2462 497 2546 νυν]
514 2461 554 2543 μὴ
569 2467 624 2526 νῦν
637 2460 746 2548 vulgo.

286 2565 402 2649 στύγει]
421 2563 623 2646 rnryeiRob.

288 2682 360 2749 771.
380 2665 572 2749 ἀδειμάντως]
598 2664 752 2729 Praeferat
771 2664 875 2728 forsan
898 2663 1010 2751 aliquis
1027 2663 1200 2744 ἆδειμθτως,
1214 2663 1294 2727 sicut
1308 2662 1339 2727 in

243 2768 330 2830 Pers.
349 2767 418 2833 162.
434 2765 568 2844 οὐδαμῶς
582 2767 707 2844 ἐμαυτῆς
721 2762 784 2828 οδσ’
801 2765 966 2843 δδείμοτος,
983 2766 1078 2847 φίλοι.
1125 2765 1187 2830 Sed
1205 2781 1289 2831 recte
1308 2790 1341 2831 se

240 2866 355 2931 habere
369 2867 550 2946 ἀδειμάντως
564 2879 715 2930 monstrat
729 2887 842 2929 nomen
860 2864 1016 2930 archontis
1030 2867 1233 2933 Atheniensis
1244 2868 1341 2934 Ἀδεί-

240 2995 359 3050 μαντος.
382 2968 557 3033 BLOMF.
597 2969 636 3032 In
652 2990 743 3032 versu
760 2969 927 3032 Persarum
940 2990 1024 3033 nunc
1038 2970 1213 3050 ἀδείμαντος
1227 2970 1341 3058 legitur

241 3095 260 3136 e
274 3070 360 3135 libris
374 3069 509 3157 optimis.

288 3171 376 3260 κλύῃ]
395 3174 477 3236 κλύει
492 3169 570 3235 Ald.

286 3292 361 3359 772.
384 3274 512 3359 τάχιστα
533 3275 667 3357 μαθούσῃ
690 3273 793 3337 Turn.
818 3273 928 3361 Steph.
961 3272 1076 3357 τάχιστ’
1093 3276 1247 3358 δγαθούοη
1268 3274 1340 3341 libri

242 3377 366 3465 reliqui.
399 3376 529 3460 τάχιστα
543 3377 675 3463 γηθούσῃ
696 3375 844 3440 Pauwius
864 3389 947 3440 recte
968 3376 1116 3440 fortasse:
1140 3377 1339 3463 nequeenim

241 3481 422 3546 Dorismum
439 3479 471 3542 in
487 3478 546 3543 hoc
561 3477 668 3556 verbo,
684 3477 764 3540 utin
781 3480 907 3561 κυναγός
928 3477 1058 3564 aliisque
1075 3477 1233 3542 nonnullis
1247 3501 1336 3544 voca·

239 3582 332 3662 bulis,
349 3582 482 3669 tragicos
497 3579 655 3645 admisisse
669 3591 802 3644 constat.

284 3703 357 3769 773.
374 3681 512 3766 κρνπτοσ’
528 3680 607 3746 Ald.
640 3681 765 3762 κρυπτὸς
779 3681 881 3745 ceteri.
913 3682 1032 3767 ὀρθύσῃ
1047 3681 1138 3762 φρενί
1151 3680 1255 3744 Turn.
1292 3683 1341 3763 ὀρ-

240 3790 333 3866 θούση
359 3788 450 3868 φρενί
473 3807 512 3848 ex
537 3784 598 3846 fine
626 3805 734 3846 versus
757 3782 924 3870 superioris
948 3783 997 3845 M.
1021 3780 1131 3847 Guelf.
1154 3781 1230 3846 Ald.
1255 3783 1340 3847 Rob.

240 3889 327 3954 Citat
342 3886 437 3952 schol.
454 3888 563 3950 Venet.
578 3885 609 3947 in
627 3883 666 3948 Il.
679 3889 718 3948 Ο.
736 3900 808 3967 207.
825 3887 859 3949 ἐν
873 3885 995 3969 ἀγγέλῳ
1010 3887 1067 3966 γδρ
1082 3885 1188 3953 κυπτὸς
1202 3887 1341 3967 ὀρθοῦται

239 3993 342 4070 λόγος,
358 4002 390 4052 et
405 3985 553 4073 Euripidi
570 3985 688 4049 tribuit.
721 3987 803 4050 Haec
817 3987 986 4073 compilans
998 3987 1186 4052 Eustathius
1200 3986 1232 4051 in
1248 3986 1288 4051 Il.
1301 3992 1338 4051 O.

238 4108 377 4176 p.1013‚
392 4107 440 4150 11.
457 4086 562 4150 scribit
578 4089 710 4167 κρυπτός.
735 4086 910 4152 BLOMF.

282 4205 355 4273 774.
371 4188 402 4273 ἦ]
422 4186 441 4267 ἢ
458 4187 566 4252 Guelf.
591 4185 618 4251 el
632 4186 712 4250 Ald.

281 4297 404 4373 φρονεῖς
426 4289 474 4376 εδ]
498 4290 608 4376 Sapis.
642 4289 733 4352 Num
755 4310 837 4353 ςαπα
861 4312 904 4368 ea,
930 4293 1023 4357 rebus
1048 4291 1137 4356 modo
1161 4292 1341 4356 τ’ττίιιοταούὶ

235 4393 420 4458 nuntiatis?
453 4392 537 4454 Nam
567 4389 746 4454 insanientis
775 4394 908 4477 putabat
932 4393 1051 4458 Nutrix
1074 4390 1159 4456 istud
1186 4393 1339 4460 monitum

232 4495 368 4580 γηθούσῃ
383 4494 474 4575 φρενί
487 4491 581 4558 rebus
595 4491 639 4557 sic
654 4490 816 4558 stantibus.
841 4494 1016 4559 BLOMF.
