2984 5054
471 368 538 431 ΑΙ)
562 365 895 431 CHOEPHORAS.
1176 362 1241 429 487

135 533 212 600 mire
225 533 342 598 dictum
358 534 433 614 δίψη
453 556 497 598 τις
517 531 584 596 vitii
604 531 809 618 suspicionem
833 544 949 607 movet,
965 527 1051 615 quod
1068 527 1239 593 Elrnsleius

135 636 175 701 ud
191 634 305 723 Eurip.
322 634 412 699 Med.
422 636 497 716 480.
512 634 557 699 ita
571 657 731 700 removere
745 633 868 699 studuit
885 650 920 697 ut
934 633 1092 711 scriberet,
1106 631 1125 713 ἢ
1139 634 1236 714 λιμδς,

135 736 154 818 ἢ
169 741 243 820 διψῇ
256 763 308 810 τις,
324 736 342 817 ἢ
356 737 502 819 λιψουρία
516 737 590 821 ἔχει,
606 737 733 803 duriore
747 736 894 802 orationis
904 736 1158 801 conformatione.
1181 737 1238 801 Ab

135 839 194 903 hac
209 853 299 926 parte
313 839 504 927 probabilior
516 838 691 904 Welluueri
703 841 880 927 conjectura
894 852 939 903 est
956 840 1086 921 δίψησις.
1115 838 1149 902 Si
1163 861 1239 903 vero

136 941 321 1005 servandum
346 953 392 1005 est
414 967 468 1020 τις,
490 941 601 1028 corrigi
626 942 739 1028 poterit
761 940 779 1021 ἢ
801 942 888 1022 λιμὸς
909 940 928 1022 ἢ
946 940 1009 1023 δίψ’
1031 945 1060 1007 εί
1077 964 1237 1009 ris-curn

137 1044 334 1108 Buttmanno
349 1045 524 1108 Grammat.
541 1043 601 1108 vol.
619 1063 648 1110 α.
664 1065 695 1130 p.
711 1062 786 1129 395.

179 1145 337 1231 λιψουρία]
351 1148 543 1211 Micturitio.
558 1169 578 1210 a
592 1148 720 1226 λίπτειν,
736 1146 757 1210 i.
772 1170 801 1213 e.
817 1149 981 1227 ἐπιθυμεῖν,
997 1159 1029 1211 et
1044 1147 1142 1228 οὐρον.
1186 1148 1240 1212 Sir

137 1247 393 1334 interpretantur.
417 1248 593 1312 BLOMF.

181 1367 256 1437 757.
280 1349 437 1435 αὐτάρκης]
463 1350 591 1431 αὐτάρκη
614 1348 723 1415 Guell'.
743 1349 822 1416 Ald.
861 1350 1045 1431 Scholiasta,
1064 1353 1084 1432 ἡ
1105 1355 1164 1435 γὰρ
1183 1353 1239 1417 νέα

140 1453 226 1533 νηδύς
250 1458 310 1517 τῶν
336 1452 448 1517 τέκνων
473 1454 561 1532 ἐαυτῇ
585 1453 687 1533 άρκεῖν
711 1453 758 1516 καὶ
782 1457 908 1532 βοηθεῖν
932 1454 1088 1532 βούλεται,
1112 1455 1130 1517 ὄ
1155 1457 1241 1519 ἐστιν

139 1557 241 1619 ἀνύειν
254 1557 399 1634 βούλεται
413 1557 465 1622 τδς
480 1556 645 1635 ἐπιθυμίας.
689 1554 978 1641 Interpuuctionem
993 1569 1065 1641 post
1079 1558 1240 1637 πρόμαντις

139 1658 216 1722 οὐσα
229 1656 325 1743 vulgo
339 1656 470 1743 positam
486 1672 558 1744 post
572 1656 684 1719 τέκνον
699 1657 857 1721 transtulit
873 1657 1030 1722 Pauwius.

183 1775 256 1845 759.
272 1760 375 1827 παιδὸς
390 1759 572 1842 σπαργάνων
587 1759 792 1845 φαιδρύντρια]
809 1759 895 1825 Citat
910 1759 1025 1824 Pollux
1041 1777 1072 1844 7,
1088 1780 1142 1841 40.

184 1865 258 1946 760.
273 1865 420 1948 γναφεὺς]
441 1861 638 1928 Probabilior
653 1860 806 1947 scriptura
821 1865 951 1944 κναφεύς
964 1875 1021 1926 est.

183 1967 308 2047 τροφεύς
322 1965 369 2049 τε]
388 1966 534 2047 στροφεύς
545 1991 578 2030 τε
594 1967 643 2029 Μ.
661 1964 770 2029 Guelt.
793 1967 964 2047 στράφευσε
978 1964 1056 2030 Ald.
1091 1974 1111 2006 ·‘
1123 1967 1238 2031 Sensus

140 2080 204 2130 est:
228 2067 304 2131 Ηαι
321 2069 418 2153 pueri
437 2070 497 2131 mei
519 2070 716 2133 ιιιοιιιῖίαίας
738 2067 995 2131 nannetensem
1015 2069 1238 2155 praeviderem,

141 2189 222 2255 supe
236 2177 340 2232 tomen
356 2177 391 2232 ut
400 2171 449 2254 fit
463 2169 630 2256 deoperer,
646 2171 781 2257 adeoque
794 2170 1031 2254 amalsuindae
1049 2175 1143 2258 ριιατῖ
1157 2193 1240 2259 supe

135 2292 286 2357 purgare
299 2271 449 2347 deberem,
461 2272 560 2336 lotrix
570 2273 743 2358 τιιιττῖαριιν
753 2271 1091 2359 eodemjirngebantur
1103 2295 1242 2355 matters,

141 2371 174 2434 h.
189 2395 215 2435 e.
231 2395 303 2457 quae
318 2372 435 2451 nutrix,
451 2373 559 2437 eadem
576 2388 606 2438 et
621 2374 715 2437 lotrix
730 2395 826 2437 eram.
873 2373 913 2437 ld
928 2373 1016 2460 quod
1037 2391 1144 2460 aperte
1163 2398 1238 2439 con·

143 2474 286 2537 firmatur
308 2474 510 2559 sequentibus
531 2474 634 2539 verbis
655 2475 715 2554 ἐγδ
741 2478 848 2542 διπλᾶς
873 2476 905 2537 δὲ
931 2473 1023 2541 τάσδε
1047 2475 1242 2559 χειρωναξίας

145 2575 287 2658 ἐχουσα.”
310 2576 411 2640 SCH.

188 2679 260 2759 762.
275 2676 425 2760 Ὀρέστην
439 2677 617 2759 ἐξεδεξάμην
631 2679 736 2763 πατρί]
757 2679 908 2766 Superius
922 2702 952 2744 v.
968 2694 1040 2765 750.
1058 2678 1190 2758 dixerat,
1206 2681 1242 2746 δν

146 2778 296 2862 ἐξέθρεψα
315 2785 462 2863 μητρόθεν
485 2782 656 2864 δεδεγμένη.
695 2782 764 2845 Vox
787 2780 914 2868 propriu
940 2781 1005 2846 soil.
1029 2782 1242 2862 obstetricum,

145 2904 218 2966 quoe
235 2898 268 2947 ut
285 2882 409 2949 videtur
423 2883 513 2948 simul
531 2885 686 2949 nutricum
703 2884 802 2949 officia
817 2885 956 2950 obibant.
985 2884 1118 2950 Aristid.
1135 2885 1197 2950 vol.
1213 2907 1240 2952 1.

146 3005 177 3068 p.
193 3002 243 3064 24.
265 2989 300 3065 τῇ
321 2989 415 3065 Λητοῖ
434 2986 614 3073 πλανωμένη
634 2990 682 3052 διδ
705 2988 802 3068 πάσης
821 2992 875 3071 γῆς
896 2989 943 3052 καῖ
965 2987 1111 3068 θαλάττης
1128 2989 1245 3071 ἡγεῖται

149 3085 321 3165 (Minerva)
340 3086 414 3168 πρὸς
436 3086 488 3150 τὸν
505 3089 682 3169 εἱμαρμένον
695 3095 804 3172 χοῖρον,
820 3091 855 3153 οὐ
874 3092 968 3169 μόνον
986 3089 1024 3170 ἦν
1042 3090 1114 3170 αὐτῇ
1136 3098 1243 3165 τεκεῖν,

148 3187 195 3249 καὶ
218 3187 318 3265 ἐπειδὴ
338 3188 432 3252 ἔτικτε
452 3191 592 3266 μαιοιῖταί
611 3214 644 3255 τε
663 3192 711 3254 καὶ
733 3191 851 3273 δέχεται
874 3192 941 3258 τούς
960 3197 1076 3259 παῖδας.
1111 3191 1242 3258 Hesiod.

148 3288 272 3374 Theos·
288 3306 364 3374 479·

232 3423 358 3489 ‘Oanos'
374 3424 419 3507 ἄρ’
435 3427 603 3490 ὁπλότατον
616 3430 729 3491 παίδων
744 3428 858 3508 ἤμελλε
871 3427 1010 3491 τεκέσθαι

234 3530 316 3605 Ζῆνα
330 3527 435 3608 μέγαν·
458 3528 512 3591 τὸν
525 3527 582 3608 μέν
596 3531 625 3592 οἱ
640 3527 761 3606 ἐδέξατο
776 3534 852 3593 Γαῖα
865 3531 985 3609 πελώρη

236 3627 334 3708 Κρήτη
349 3630 383 3691 ἐν
398 3629 494 3715 εὐρείῃ
509 3629 661 3711 τραφέμεν
676 3629 907 3709 ἀτιταλλέμεναί
919 3655 962 3694 τε.

150 3778 239 3843 Idem
267 3801 341 3842 vero
367 3778 399 3842 h.
423 3777 442 3842 l.
467 3778 644 3858 ἐκδέξασθαι
668 3781 766 3862 πατρὶ,
790 3779 876 3867 quod
902 3780 934 3844 iu
964 3781 1092 3847 laudato
1116 3782 1249 3847 Hesiodi

149 3903 239 3944 versu
264 3881 408 3960 δέξασθαί
428 3883 457 3945 οῖ
478 3881 692 3962 τρέφειν-ιιι
711 3883 790 3947 adeo
813 3884 862 3948 hic
884 3885 1001 3972 optime
1024 3883 1119 3949 schol.
1143 3887 1176 3948 ἐκ
1199 3889 1250 3948 τοιῖ

149 3988 445 4064 παρακολουθοῦντος
466 3982 612 4068 explanet
635 4007 691 4071 per
714 3985 841 4068 ἔθρεψα,
865 3987 1020 4065 άπέσωσα,
1040 3989 1145 4074 accepi
1166 3989 1252 4051 alen·

149 4085 224 4147 dum
246 4090 491 4173 curandumque.
537 4087 560 4148 J
564 4086 653 4151 unxit
678 4086 744 4152 haec
767 4088 864 4175 Soph.
887 4089 919 4153 in
944 4090 1062 4154 Electr.
1077 4113 1107 4156 v.
1128 4110 1177 4175 13.
1197 4089 1251 4154 ubi

151 4185 257 4250 itidem
273 4186 393 4250 Orestis
407 4185 548 4272 loquitur
563 4190 702 4270 τροφεὺς,

237 4354 280 4365 -
290 4319 326 4379 σέ
342 4315 454 4396 πατρὸς
469 4318 503 4379 ἐκ
518 4317 620 4397 φόνων
636 4319 695 4398 ἐγιύ
710 4344 782 4383 ποτε

238 4418 312 4498 πρὸς
327 4421 381 4496 σῆς
394 4419 521 4496 ὁμαίμου
536 4420 584 4481 καὶ
599 4418 777 4499 κασιγνήτης
792 4421 899 4499 λαβὼν

237 4519 360 4601 ἤνεγκα,
378 4518 537 4598 κάξέσωσα
553 4520 791 4603 κάξεθρεψάμην.
