2984 5054
534 349 601 412 AD
624 348 922 412 EUMENIDES.
1215 347 1280 416 am

220 528 274 596 51.
298 513 430 598 ἄπτεροι]
454 514 506 578 Ita
527 529 559 578 et
579 537 609 577 v.
627 530 699 599 250.
720 513 832 578 tribuit
847 513 953 578 Furiis
975 515 1089 596 άπτερα
1110 514 1279 596 ποιήματα.

176 613 288 678 Alatas
302 614 393 700 fingit
408 615 579 703 Euripides
594 618 789 701 Orest5317.
814 613 981 680 STANL.

218 734 271 798 52.
294 717 449 804 μέλαιναι]
475 718 646 805 Euripides
670 743 688 782 a
710 718 891 804 Boettigero
913 742 945 805 p.
968 737 1018 803 29.
1041 716 1154 803 citatus
1174 720 1276 782 Orest.

174 820 249 896 408.
280 821 361 884 varri
390 828 572 905 προσφερεῖς
602 825 690 904 κόρας
714 837 747 886 et
769 839 844 906 320.
873 826 1083 903 μελαγχρῶτες
1108 822 1279 901 Εὖμενίδες.

176 918 398 1007 Electr.1345.
413 924 667 1006 χειροδράκοντες,
682 930 782 1007 χρῶτα
797 926 941 988 κελαιναί.
969 922 1071 1009 Apud
1089 921 1278 1009 AEschylum

177 1019 284 1084 Furiae
306 1038 382 1085 οντα
404 1037 557 1086 vocantur
580 1025 667 1110 Sept.
687 1026 760 1107 962.
779 1041 852 1109 977.
869 1028 984 1111 Agam.
1000 1045 1073 1108 450.
1098 1025 1152 1089 ubi
1176 1040 1279 1089 tamen

176 1144 237 1184 non
262 1146 342 1208 opus
365 1140 410 1187 est
436 1124 573 1210 cogitare
600 1128 639 1189 de
664 1125 802 1211 corporis
828 1125 940 1203 colore,
965 1141 1001 1189 ut
1026 1126 1057 1189 in
1083 1126 1151 1190 loco
1175 1128 1280 1192 Ovidii

177 1224 279 1310 Epist.
296 1225 427 1290 Heroid.
444 1247 562 1312 11,103
575 1253 582 1290 ε
608 1229 703 1291 Ferte
703 1228 801 1312 βιαιο
816 1229 851 1290 in
866 1249 925 1304 me,
939 1230 1127 1314 qaasfertis
1138 1231 1280 1317 Erinyes

174 1334 267 1389 σίτου.
315 1328 353 1389 In
376 1327 494 1415 hymno
510 1329 610 1415 Orph.
628 1346 680 1411 70,
697 1332 727 1392 6.
752 1328 900 1392 dicuntur
923 1332 1132 1412 κυανόχρωτοι.
1180 1331 1280 1418 Apud

176 1428 310 1491 Statium
328 1429 434 1494 Theb.
450 1450 477 1510 1,
492 1447 567 1514 597.
584 1454 671 1517 seqq.
693 1440 832 1495 monstro
847 1431 1020 1495 Acheronte
1041 1433 1099 1495 sad
1121 1435 1184 1495 imo
1205 1454 1280 1496 cort·

173 1539 258 1615 capto
270 1524 485 1596 Eumenidum
501 1533 648 1596 thalamis
664 1532 813 1596 tribuitur
813 1534 1018 1620 ferruginea
1018 1535 1135 1618 j'roaa.
1161 1536 1279 1598 Pausa·

175 1630 239 1693 nias
256 1632 284 1708 8,
300 1651 352 1716 34,
371 1652 399 1696 2.
415 1632 483 1697 haec
502 1633 616 1697 refert:
640 1635 746 1700 τούτοις
768 1636 820 1700 τδς
842 1637 913 1701 θεὰς
937 1635 1093 1719 (Ἑστίας),
1116 1637 1202 1714 ἡνίκα
1227 1636 1281 1700 τὸν

173 1730 321 1814 Ὀρέστην
337 1735 470 1817 ἔκφρονα
485 1736 617 1815 ἔμελλον
631 1734 768 1812 ποιήσειν
779 1737 876 1816 φασὶν
887 1736 965 1820 αὐτῷ
977 1741 1108 1818 φανῆναι
1121 1740 1277 1817 μελαίνας·

172 1837 212 1901 ὡς
227 1838 259 1898 δὲ
274 1835 413 1919 ἀπέφαγε
428 1837 481 1901 τδν
495 1836 650 1910 δάκτυλον,
666 1839 719 1903 τὰς
741 1839 772 1899 δὲ
795 1839 878 1904 αὖθις
900 1843 998 1902 δοκεῖν
1015 1843 1045 1903 οἱ
1064 1844 1173 1907 λευκὰς
1189 1841 1280 1920 εἶναι,

177 1939 225 2001 καὶ
247 1938 338 2001 αὐτὸν
358 1939 557 2020 σωφρονῆσαί
576 1965 608 2001 τε
632 1940 680 2002 ἐπὶ
699 1940 735 2025 τῇ
754 1938 818 2024 θέα,
836 1941 883 2003 καὶ
898 1942 972 2004 οὕτω
988 1949 1052 2008 ταῖς
1066 1945 1122 2021 μὲν
1138 1942 1279 2025 ἐνήγισεν

173 2040 349 2120 ἀποτρέπων
365 2040 398 2103 τδ
413 2040 524 2120 μήνιμα
540 2041 645 2114 αιἰτῶν,
661 2047 725 2107 ταῖς
739 2043 772 2105 δὲ
788 2041 877 2106 ἔθυσε
892 2049 956 2108 ταῖς
976 2050 1105 2110 λευκοῖς.
1151 2044 1206 2108 Ad
1229 2044 1277 2107 ni-

172 2163 244 2223 gras
259 2156 357 2204 vestes
373 2142 540 2205 Furiarum
558 2158 698 2228 spectant
712 2141 745 2205 hi
760 2141 817 2206 loci
835 2142 1007 2229 AEscbylei,
1025 2144 1168 2232 Choeph.
1183 2165 1276 2226 1044.

173 2243 268 2303 Eum.
289 2261 363 2326 332.
382 2257 454 2326 353.
502 2244 541 2305 In
562 2245 647 2329 Sept.
664 2245 737 2308 682.
754 2258 944 2307 memoratur
959 2247 1134 2326 μελονοιγὶς
1147 2248 1274 2327 Ἐρινὺς,

170 2364 245 2427 quae
260 2341 430 2406 scholiastae
446 2360 491 2407 est
506 2344 653 2424 μέλαιναν
668 2347 768 2426 αἰγίδα
783 2351 928 2425 φοροῦσα.
953 2346 1219 2411 WIESELER.

213 2445 442 2530 βδελύκτροποι]
457 2448 657 2527 βδελότροπσι
672 2448 715 2509 Τ.
738 2448 938 2524 βδελύκτοπσι
953 2446 1030 2511 Atd.

213 2566 267 2630 53.
296 2546 437 2628 ῥέγκουσι
466 2546 490 2612 δ’
517 2550 552 2612 οὐ
579 2557 745 2614 πλαστοῖσι
771 2548 968 2633 φυσιάμασιν]
995 2551 1143 2614 Stertunt
1168 2561 1273 2616 anteat

169 2648 281 2726 halitu,
309 2651 361 2712 cai
385 2651 598 2735 ρονὶουίοκιιινι
621 2661 667 2715 est
690 2652 957 2737 appropinquare.
1007 2650 1095 2741 Male
1120 2651 1274 2740 interpres

172 2749 307 2814 Latinus
323 2766 456 2815 verterat
470 2774 534 2816 noa
544 2754 791 2839 fiatisflatihas.
816 2752 955 2839 Hesycb.
970 2754 1114 2816 πλαστάι
1139 2755 1271 2835 προσπέ-

168 2857 278 2915 λαστα.
324 2854 372 2916 Ut
401 2853 482 2916 euim
508 2876 635 2941 uirgam
657 2854 742 2941 apud
769 2854 862 2918 Ovid.
889 2856 1021 2918 Metam.
1043 2876 1075 2936 4,
1097 2875 1172 2939 494.
1189 2855 1272 2919 Tisi·

169 2952 288 3036 phones
312 2954 449 3018 crinibus
474 2955 599 3041 abrupti
629 2957 792 3043 inspirant
817 2977 936 3040 graves
960 2959 1097 3033 animas,
1125 2958 1168 3022 sic
1194 2957 1224 3020 b.
1250 2957 1271 3022 l.

169 3054 321 3118 furiarum
345 3055 460 3119 halitus
481 3056 631 3120 dicuntur
652 3059 687 3120 οὐ
709 3060 831 3120 πλοστδ
856 3055 1029 3137 φυσιάματα
1051 3057 1093 3120 ob
1116 3057 1270 3122 tabificam

170 3157 244 3230 vim,
260 3179 323 3241 qua
337 3157 452 3220 infecta
469 3173 551 3221 sunt.
571 3158 611 3221 cf.
628 3181 657 3220 v.
676 3179 684 3220 ι
691 3178 742 3243 37.
759 3180 829 3243 sqq.
855 3159 954 3220 SCH.
1000 3160 1099 3221 Recte
1120 3160 1270 3245 interpre-

169 3272 254 3320 tatur
278 3257 481 3321 Scbuetzius:
515 3257 568 3321 sed
583 3280 657 3321 vera
670 3257 813 3321 vocabuli
826 3258 926 3320 forma
942 3264 1084 3322 πλατοῖσι
1099 3275 1156 3338 est,
1173 3283 1269 3346 quam

169 3359 303 3422 restituit
319 3358 487 3422 Eimsieius
501 3359 540 3422 ad
557 3359 670 3444 Eurip.
688 3357 777 3421 Mod.
793 3378 861 3440 149.

211 3479 263 3544 54.
292 3463 324 3523 ἐκ
353 3459 377 3524 δ’
406 3460 543 3540 ὀμμάτων
571 3463 710 3539 λείβουσι
736 3464 867 3540 δυσφιλῆ
890 3459 976 3544 βίαν]
1004 3459 1096 3537 Quod
1125 3461 1268 3548 Choeph.

170 3586 197 3624 v.
213 3583 304 3646 1055.
322 3566 353 3642 ἐξ
368 3563 506 3642 ὀμμάτων
521 3564 679 3640 στάζουσιν
695 3563 767 3641 οἶμα
781 3560 936 3643 δυσφιλές.
983 3561 1070 3625 Hinc
1085 3565 1269 3641 αἱματωποὺς

167 3680 256 3727 vocat
273 3666 398 3728 Orestes
413 3687 465 3752 ap.
481 3664 594 3751 Eurip.
613 3688 641 3726 v.
660 3667 732 3748 256.
752 3663 985 3726 ABRESCH.
1005 3665 1079 3741 βίον
1093 3687 1132 3726 ex
1147 3666 1268 3751 conjec-

166 3782 237 3830 tura
265 3766 415 3853 Sophiani
439 3766 604 3829 ediderunt
631 3766 714 3829 Rob.
740 3768 843 3829 Turn.
873 3763 981 3848 steph.
1008 3766 1056 3827 δία
1084 3768 1134 3829 M.
1159 3768 1266 3834 Guelf.

166 3868 265 3932 codex
281 3868 467 3944 Itobortelli,
483 3867 561 3932 Ald.
608 3868 813 3932 Scribendum
829 3868 905 3945 λίβα
919 3887 991 3929 cum
1008 3868 1050 3930 G.
1068 3869 1230 3954 Burgesio.

207 3988 259 4056 55.
276 3971 396 4056 κόσμος]
413 3968 522 4049 Qualis
537 3970 630 4035 fuerit
646 3970 779 4033 amictus
795 3968 933 4033 scenicus
945 3968 1110 4048 furiarum,
1126 3994 1165 4033 ex
1183 3973 1268 4037 Stra-

165 4071 246 4134 bone
266 4072 424 4148 discimus,
445 4070 501 4156 qui
524 4070 564 4134 de
586 4068 828 4133 Cassiteridibus
849 4067 957 4131 insulis
978 4091 1074 4155 agens
1094 4090 1125 4155 3.
1148 4095 1179 4159 p.
1196 4092 1266 4160 175.

164 4176 226 4238 Τδς
249 4171 271 4235 δ’
295 4176 400 4246 άλλας,
424 4173 539 4260 inquit,
562 4176 695 4236 οἰκοῦσιν
716 4173 866 4253 ἅνθρωποι
886 4170 1115 4254 μελάγχλαινοι,
1131 4174 1267 4257 ποδήρεις

165 4275 351 4343 ἐνδεδυκότες
365 4282 502 4359 χιτῶνας,
518 4275 679 4355 ἐζωσμέναι
692 4275 760 4355 περὶ
774 4278 811 4337 rb
826 4273 945 4356 στίρνο,
962 4277 1036 4352 μετδ
1049 4276 1172 4355 ραβδῶν
1185 4302 1266 4357 περι·

165 4380 336 4453 πατοῦντες,
362 4379 458 4455 ὅμοιοι
484 4385 549 4444 ταῖς
573 4383 725 4459 τραγικαῖς
748 4381 891 4442 Ποιναΐςι
930 4375 1078 4438 discimus
1103 4376 1195 4439 etiam
1225 4400 1265 4442 ex

165 4474 308 4560 Diogene
336 4477 461 4542 Laertio
484 4481 515 4555 6,
538 4496 607 4541 102.
632 4477 663 4540 in
692 4475 882 4538 Menedemo
906 4473 1037 4560 Cynico,
1063 4476 1147 4543 οὗτος
1174 4480 1265 4560 (καθά

683 4597 741 4660 3)(
