2984 5054
258 333 323 397 356
620 331 999 395 ANNOTATIONES

257 504 420 585 ἡμερησίην
434 502 505 565 δδδν
521 500 649 579 έκάστηυ
664 499 847 581 τεταγμένοι·
870 499 938 565 τοὺς
952 499 1020 562 οὔτε
1032 497 1161 578 νίφετος,
1175 497 1227 561 οὐκ
1238 499 1362 577 ὄμβρος,

257 605 292 669 οὔ
308 608 413 684 καῦμα,
429 604 463 667 οὗ
478 603 530 682 νὺξ
550 601 648 684 έέργει
668 603 708 681 μὴ
730 602 765 665 οὗ
788 602 951 665 κατανύσαι
972 599 1026 662 τὸν
1047 597 1242 679 προκειμένου
1265 601 1364 684 ἑωῦτῷ

258 708 368 788 δρόμον
382 705 436 784 την
450 707 605 789 ταχίστην.
627 705 644 765 δ
660 706 716 783 μὲν
731 704 766 783 δὴ
780 709 894 784 πρῶτος
909 702 1028 783 δραμὼν
1042 705 1201 781 παραδιδοῖ
1219 704 1257 764 rb
1280 701 1362 764 έντε-

256 804 392 887 ταλμένα
405 811 445 893 τῷ
461 806 595 892 δευτέρῳ.
620 809 685 870 db}
705 808 839 887 δεύτερος
860 809 899 890 τῷ
921 807 1014 890 τρίτῳ.
1038 803 1072 866 τὸ
1095 805 1128 867 δὲ
1151 804 1291 868 ἐνθεῦτεν
1307 803 1362 883 ἤδη

257 907 318 974 κατ’
335 910 432 972 ἄλλον
447 907 629 991 διεξέρχεται
649 910 878 990 παραδιδόμενα,
895 906 1026 986 κατάπερ
1044 903 1180 983 Ἕλλησι
1198 906 1216 984 ἡ
1238 913 1358 985 λαμπα·

257 1012 394 1092 δηφορίη,
417 1011 471 1089 τὴν
493 1014 533 1094 τῷ
556 1008 717 1095 Ἡφαίστῳ
740 1009 936 1073 ἐπιτελέουσι.
971 1013 1058 1073 τοῦτο
1080 1008 1115 1070 τδ
1138 1006 1275 1088 δράμημα
1300 1012 1360 1070 τῶυ

256 1114 354 1177 ίππων
370 1112 512 1176 καλέουσι
527 1111 646 1192 Πέρσαι
661 1111 834 1194 άγγαρήϊου.
859 1112 1035 1175 BLOMF.

302 1215 373 1299 283.
388 1211 533 1294 Ἑρμαῖον
548 1213 642 1280 λέπας
657 1211 789 1297 Λήμνου]
804 1211 948 1293 Ἑρμαῖον
959 1214 1029 1295 όρος
1040 1211 1153 1276 Lemni
1169 1223 1361 1274 memoratur

257 1315 298 1380 ab
314 1315 412 1402 Soph.
431 1314 564 1381 Philoct.
580 1333 672 1400 1459.
697 1315 865 1380 STANL.

304 1419 376 1499 284.
394 1417 492 1483 πανὸν
507 1417 691 1483 Athenaeus.
714 1418 814 1499 φανδυ
832 1416 914 1481 libri.
941 1423 963 1456 ‘⁶
979 1416 1098 1480 Athen.
1113 1431 1162 1500 15.
1178 1439 1209 1501 p.
1227 1434 1301 1498 700.
1319 1415 1359 1476 E.

259 1519 363 1588 Πανός
386 1519 410 1584 δ’
434 1520 608 1601 ὀνομάζεται
630 1521 664 1583 τὸ
690 1519 921 1600 διακεκομμένον
943 1521 1044 1599 ξύλου,
1066 1521 1114 1584 καὶ
1137 1517 1359 1599 ξυνδεδεμένον·

259 1625 352 1709 τούτῳ
378 1622 404 1686 δ’
429 1625 558 1707 ἐχρῶντο
586 1624 649 1704 (ὡς)
675 1622 817 1701 λαμπάδι.
850 1621 1026 1704 Μένανδρος
1047 1621 1361 1706 Ἀνεψιοῖς-εἰσιὼν

259 1726 375 1800 Παυδν,
391 1727 516 1809 λύχνου,
532 1730 713 1810 λυχνοῦχον,
735 1726 753 1787 ὅ
773 1750 802 1789 τι
823 1725 949 1806 πάρεστι
970 1730 1035 1806 φῶς
1049 1727 1166 1802 Μόνον,
1182 1725 1261 1789 πολὺ
1278 1729 1363 1787 ποιεῖ

258 1825 434 1906 -Δίφιλος
449 1826 617 1910 Στρατιώτῃ
627 1821 756 1886 -Ἀλλ’
772 1825 789 1886 ὁ
804 1823 898 1890 παυδς
911 1826 1016 1891 ὕδατός
1031 1827 1097 1889 ἔστι
1110 1827 1229 1906 μεστός.
1252 1825 1360 1905 πρότε·

258 1949 309 2004 ρος
335 1926 368 1987 δὲ
391 1927 503 1989 τούτων
529 1926 681 2008 Αίσχόλος
709 1926 743 1988 έν
769 1922 973 2007 Ἀγαμέμνονι
999 1925 1143 2006 μέμνηται
1172 1931 1225 1990 τοῦ
1254 1928 1360 1988 πανοῦ.

259 2025 431 2113 Phrynich.
450 2030 572 2114 Appar.
594 2026 731 2112 Sophist.
750 2049 783 2113 p.
803 2047 856 2113 50.
871 2028 921 2092 ed.
937 2027 1072 2092 Bekker.
1096 2030 1202 2110 φανὸς,
1226 2028 1360 2110 φάκελός

259 2155 348 2194 τινωυ
363 2130 576 2208 συνδεδεμένος
591 2130 640 2193 καί
652 2129 792 2210 ἡμμένος·
816 2129 832 2193 δ
848 2131 896 2195 καὶ
910 2134 959 2193 διδ
973 2138 1064 2195 τοῦπ.
1081 2131 1224 2195 Photius.
1242 2130 1358 2194 Πανόυ.

260 2230 319 2294 άπὸ
345 2236 396 2294 τοῦ
418 2231 516 2295 πάντα
538 2233 658 2313 φαίνειν
680 2231 933 2314 σχηματισθέυτα,
958 2237 1032 2296 κατὰ
1052 2234 1228 2314 μεταβολὴν
1249 2238 1302 2296 τοῦ
1324 2241 1357 2314 φ.

260 2338 419 2416 Σοφοκλῆς
433 2331 560 2414 Ἑλένης
573 2333 668 2419 γάμῳ.
685 2333 804 2416 (omisit
815 2332 970 2418 Brunck.)
995 2335 1105 2410 Idem;
1131 2338 1242 2402 Πανός.
1265 2334 1360 2414 δεσμη
1405 2406 1408 2413 ,

261 2438 455 2515 κληματιδων.
480 2439 508 2500 οί
529 2439 561 2501 δὲ
581 2439 718 2518 νεότεροι
738 2434 869 2500 Ἀττικοί
890 2438 1000 2517 φανόυ.
1021 2435 1250 2519 Ἀριστοφάνης.
1274 2438 1357 2523 (Ly-

261 2539 342 2603 sistr.
356 2541 449 2624 308.)
495 2539 659 2603 Consentit
675 2538 822 2603 Eustatb.
838 2539 877 2601 ad
895 2539 986 2603 Iliad.
1002 2540 1042 2603 T.
1058 2563 1090 2627 p.
1105 2561 1118 2604 1
1131 2542 1198 2625 189,
1215 2560 1268 2625 23.
1306 2541 1358 2604 cf.

261 2644 412 2704 Ammon.
427 2641 494 2705 diff.
512 2643 588 2706 Voc.
605 2664 634 2704 v.
648 2647 828 2724 λυχνοῦχον.
848 2655 880 2705 et
901 2641 996 2705 scbol.
1013 2642 1178 2730 Aristopb.
1193 2646 1268 2707 Pac.
1285 2645 1359 2725 841.

261 2741 377 2806 Pollux
393 2764 443 2820 ιο,
460 2763 530 2824 117.
553 2767 593 2808 ex
615 2743 779 2830 Euripidis
801 2743 955 2808 Alcmena
976 2744 1052 2808 citat
1073 2747 1177 2810 Πόθεν
1198 2748 1231 2810 δὲ
1253 2746 1359 2824 πεύκης

260 2843 357 2907 πανδν
379 2844 496 2926 ἐξεῦρες
518 2852 648 2926 λαβεῖν;
695 2846 897 2910 Recentiorcs
914 2846 1019 2911 Graeci
1042 2847 1141 2928 φανὸν
1155 2847 1300 2910 dicebant
1318 2846 1358 2909 de

260 2946 388 3010 laterna.
427 2947 530 3011 Gloss.
559 2947 681 3013 Philox.
709 2951 818 3015 Φανός.
843 2950 992 3013 laterna.
1039 2949 1090 3013 Cf.
1114 2949 1232 3013 Thom.
1257 2951 1305 3012 M.
1328 2972 1357 3010 v.

260 3049 365 3130 φανός.
396 3048 507 3114 Galen.
522 3052 642 3137 Expos.
659 3052 732 3114 Voc.
750 3051 907 3137 Hippocr.
924 3075 954 3115 v.
974 3051 1123 3133 λαμπτήρ.
1140 3051 1278 3115 Pierson.
1296 3053 1357 3116 Ve-

261 3151 379 3215 risimil.
395 3176 427 3239 p.
443 3174 475 3234 4.
492 3155 647 3219 Wetstcn.
664 3154 704 3217 ad
720 3156 763 3218 N.
775 3155 814 3219 F.
831 3152 893 3217 vol.
907 3175 935 3218 1.
952 3159 984 3217 P.
1000 3155 1091 3239 946.''
1114 3155 1290 3218 BLOMF.

305 3256 378 3338 285.
401 3255 464 3319 Hic
479 3279 586 3320 versus
606 3256 754 3322 laudatur
768 3255 799 3318 in
820 3255 916 3319 schol.
934 3256 1049 3320 Victor.
1064 3256 1104 3321 ad
1121 3257 1214 3321 Iliad.
1231 3261 1268 3324 Ξ.
1286 3275 1357 3341 229.

257 3354 376 3420 Ἀθιοου
391 3355 461 3420 libri
475 3380 593 3422 omnes.
637 3359 709 3422 Iota
722 3356 851 3444 subjeci,
867 3358 1077 3443 grammaticis
1091 3358 1267 3424 obsecutus.
1289 3361 1357 3423 Eu-

261 3458 354 3522 statb.
370 3458 410 3523 ad
430 3459 520 3526 Iliad.
538 3467 572 3524 B.
591 3484 620 3547 p.
614 3480 652 3546 3
654 3464 708 3546 58
723 3479 775 3543 42.
793 3462 887 3527 άθῶος
899 3463 1005 3542 μὲν
970 3487 1028 3543 γαρ
1048 3488 1123 3527 κατα
1106 3465 1231 3537 τιυδς,
1248 3489 1357 3544 προπε-

260 3562 395 3641 ρισπωμέ
396 3588 462 3641 υως,
478 3563 636 3642 δάζημιος.
661 3564 733 3630 Ζεὺς
750 3561 806 3627 δὲ’
808 3569 919 3646 Αθῳος,
934 3561 1239 3644 προπαροξυτόνως,ε
1224 3591 1240 3627 ο
1262 3566 1296 3628 ἑν
1316 3569 1358 3649 τῷ

257 3661 341 3748 Ἀθῳ
354 3666 525 3745 τιμόμευος,
542 3666 587 3738 όν,
603 3668 710 3747 φασίυ,
726 3666 792 3729 ἐστι
806 3663 875 3729 καί’
878 3667 996 3729 Αθόϊου
1007 3692 1081 3730 κατα
1064 3667 1239 3746 διαίρεσιν
1252 3669 1357 3744 είπεῖυ,

262 3767 370 3845 ὁμοίως
383 3791 424 3851 τῳ
410 3768 545 3846 άρειος,
563 3765 671 3846 ἀρήϊος.
696 3769 770 3831 κατδ
787 3767 890 3847 μέντοι
913 3767 1076 3848 ἑτέρους,
1055 3792 1097 3830 (νυ
1112 3769 1177 3831 ἐστὶ
1199 3765 1268 3831 καί
1272 3772 1358 3848 Ηρα-

263 3866 372 3939 διανδς,
389 3866 587 3930 άυάπαλιυ.“
573 3892 590 3930 o
610 3871 666 3947 μὲν
687 3871 768 3949 παρδ
789 3870 842 3932 τδυ
859 3866 972 3945 Ἀθωυ,
989 3869 1063 3935 Ζεὺς
1083 3867 1205 3954 Ἀθῳος,
1221 3894 1360 3949 προπερι-

264 3968 473 4047 σπασθήσεται
487 3973 561 4032 κατδ
574 3970 608 4032 τὸ
624 3971 707 4050 ἥρως,
720 3972 823 4057 ἡρῳος,
837 3972 949 4044 Μίνως,
963 3975 1094 4055 Μιυῷος,
1107 3971 1217 4053 γάλως,
1229 3974 1358 4056 γαλῳος.

264 4069 298 4132 τδ
313 4072 345 4133 δὲ
361 4071 464 4151 ἕτερον
477 4072 797 4153 προπαροξυνθήσεται.
843 4072 965 4137 Ibidem
981 4073 1095 4137 citatur
1109 4096 1147 4137 ex
1164 4074 1360 4161 Thamyride

266 4171 449 4258 Sophoclea,
466 4177 614 4259 Θρῇσσαν
629 4180 757 4239 σκοπιδν
773 4175 868 4255 Ζηνὸς
880 4173 1006 4259 ’Adaiou
1031 4176 1207 4269 BLOMF.

309 4276 381 4339 286.
397 4275 572 4358 ὑπερτελής]
589 4275 688 4358 ὕπερθ’
700 4275 817 4356 Ἕλλης
833 4277 915 4340 Rob.
938 4278 1022 4359 ὑπεὶρ
1035 4276 1131 4358 Ἕλης
1146 4281 1189 4344 Τ.
1207 4283 1301 4362 (cum.
1315 4281 1360 4368 gl.

264 4379 338 4460 ὑπὲρ
353 4377 405 4441 τδυ
418 4374 660 4459 Ἑλλήσποντον)
680 4378 791 4465 Stepb.

306 4480 483 4568 ὑπερτελής]
501 4483 565 4554 Qut
578 4492 717 4569 ςιηοιταί.
733 4503 845 4568 nempe
852 4483 994 4566 fretum.
1015 4484 1089 4567 ὑπὲρ
1104 4484 1137 4549 τὸ
1154 4486 1240 4555 τέλος
1255 4489 1361 4568 άφικό·
