2984 5054
282 331 347 398 602
640 335 1017 401 ANNOTATIONES

270 505 394 590 ·Neque
409 527 483 569 vero
505 528 559 569 rex
582 528 643 569 non
666 521 826 571 assecutus
845 523 903 585 est,
920 507 996 594 quid
1019 508 1068 573 his
1088 508 1190 573 verbis
1211 508 1388 574 innuerent

278 606 402 692 puellae.
448 608 559 672 Statim
575 609 656 672 enirn
672 610 803 696 regerit:

450 715 512 777 πῶς
526 711 580 774 οὖν
593 713 666 792 πρὸς
679 713 754 792 ὑμᾶς
769 713 897 793 εὐσεβὴς
912 714 971 796 ἐγὼ
986 713 1087 787 πέλας

278 810 367 894 quasi
382 809 515 876 diceret:
540 813 630 877 Satis
652 815 792 877 intelleni
813 836 861 878 me
880 837 901 877 α
918 817 1004 880 vobin
1025 817 1127 902 carpi,
1144 816 1226 902 quod
1245 835 1385 879 cannam

278 920 415 974 uestram
424 912 1246 998 desererenjunumvonnauoetttnmrecusarevelte
1256 918 1383 981 videar.

278 1013 391 1099 Iteqrae
411 1014 515 1095 dieite,
532 1016 774 1102 qnidsaeiendo
797 1019 883 1082 vobin
899 1021 1050 1104 pietatm
1064 1028 1093 1083 et
1102 1019 1271 1105 justitiam
1287 1039 1380 1104 prae-

276 1123 363 1178 stare
371 1118 518 1201 poesim?
543 1119 642 1181 SCH.

319 1216 363 1300 γ’]
382 1216 406 1280 τ’
424 1219 473 1282 Μ.
490 1219 598 1284 Guelf.
613 1219 691 1283 Ald.
707 1219 790 1284 Rob.

319 1339 395 1404 340.
409 1321 449 1401 μὴ
463 1319 559 1407 ’ninid
574 1322 613 1402 μὴ
627 1320 711 1388 ’eliu
725 1320 803 1386 Ald.
826 1323 867 1403 μὴ
880 1321 975 1389 ’κδοὺς
990 1322 1185 1387 Schuetzius

318 1442 393 1508 341.
409 1423 538 1504 ἄρασθαι
553 1423 638 1488 Rob.
656 1424 766 1510 steph.
794 1426 930 1506 αἴρεσθαι
945 1423 1054 1488 Guelf.
1070 1424 1147 1488 Ald.
1161 1426 1264 1488 Turn.

318 1543 393 1609 342.
418 1523 486 1589 ἀλλ’
501 1526 520 1605 ἡ
538 1527 601 1602 δίκη
623 1551 659 1606 γε
679 1525 839 1608 ξυμμάχων
855 1527 1046 1612 ὑπερστατεῖ]
1067 1526 1238 1591 Stanleius:
1264 1547 1377 1592 vernem

264 1628 402 1713 justitia
430 1628 640 1691 attolliatoret
669 1636 782 1691 tuetur.
813 1630 960 1710 ξύμμαχοι
982 1642 1086 1693 nutem
1113 1629 1143 1692 h.
1166 1628 1186 1692 l.
1213 1651 1276 1692 non
1301 1643 1378 1694 sunt

275 1728 403 1816 Argivi,
432 1743 588 1815 quotenus
617 1727 815 1792 Danaidibus
840 1729 1046 1815 opitulantur,
1076 1731 1129 1795 sed
1166 1731 1301 1795 refertur
1334 1730 1378 1795 ad

275 1833 376 1896 Deam
386 1831 568 1906 «Iustitiam
592 1832 659 1896 haec
670 1832 785 1896 dicitur
799 1833 965 1918 defindere
974 1836 1196 1900 commilitones
1209 1857 1294 1912 nuos,
1306 1835 1376 1900 h.e.

274 1958 338 2012 eos,
354 1958 487 2020 quorum
506 1935 594 2021 justa
614 1947 661 1998 est
680 1957 783 2011 causa,
797 1934 953 2022 amplecti,
969 1951 1001 2001 et
1022 1951 1059 2001 ut
1081 1936 1254 2024 superiores
1273 1936 1375 2002 disce-

274 2035 351 2100 dant
364 2036 492 2100 efficere.
536 2036 659 2100 Eodem
682 2037 747 2101 fere
769 2036 863 2101 modo
876 2061 905 2102 v.
920 2054 994 2124 393.
1015 2038 1169 2123 ξύμμαχον
1186 2038 1209 2103 δ’
1227 2041 1374 2119 ἑλόμενος

274 2138 359 2202 δίκαν
373 2137 497 2202 dicitur.
521 2138 621 2201 SCH.

316 2258 391 2323 343.
405 2237 433 2321 γ’
450 2261 512 2302 om.
528 2238 606 2303 Ald.
631 2238 655 2303 δ’
672 2240 755 2304 Rob.

318 2341 459 2408 κοινωνὸς
480 2340 566 2405 Rob.
582 2365 621 2405 ex
643 2342 821 2429 conjectura
840 2341 1000 2429 Sophiani‚
1018 2342 1121 2405 Turn.
1138 2341 1247 2427 Steph.
1275 2342 1376 2410 κοινὸς

275 2445 324 2507 Μ.
341 2443 450 2507 Guelf.
466 2442 544 2507 Ald.
561 2451 582 2482 “
595 2443 747 2530 Pelasgus
760 2443 819 2508 hoc
835 2442 1004 2530 significat:
1024 2444 1120 2507 Recte
1133 2444 1222 2508 istud
1235 2443 1374 2531 quidem,

273 2547 468 2610 ninimirum
483 2547 620 2610 Justnta
640 2548 749 2610 statim
769 2547 808 2609 ού
830 2547 924 2609 initio
937 2567 1041 2610 οααοα
1054 2546 1151 2610 allati
1170 2549 1375 2634 patrocinata

265 2648 382 2731 fiterit.
418 2648 590 2711 Enimvero
604 2647 663 2711 hoe
677 2647 779 2733 ipsum
797 2647 859 2732 regi
875 2646 1007 2711 dubium
1023 2662 1100 2726 erat,
1115 2671 1218 2713 annon
1235 2650 1377 2737 AEgypti

272 2749 328 2812 filii
346 2750 420 2835 jure
445 2773 503 2813 suo
526 2749 707 2812 Danaidum
730 2748 855 2836 nuptias
875 2748 1065 2829 ambiissent,
1086 2750 1128 2814 ef.
1154 2775 1183 2815 v.
1206 2753 1282 2836 387.
1302 2774 1372 2838 sqq.

272 2850 407 2937 ideoque
418 2874 469 2914 eas
479 2852 553 2937 jure
566 2873 704 2936 quoque,
718 2851 742 2914 si
757 2850 875 2928 liberet,
890 2866 1029 2937 repetere
1043 2855 1197 2939 possent.''
1220 2854 1330 2919 SCH..

315 2972 389 3037 344.
419 2953 566 3038 πρύμναν]
592 2951 680 3016 Male
710 2950 865 3016 Stanleius
892 2974 996 3038 regem
1025 2952 1128 3040 ipsum
1152 2957 1288 3037 πρύμναν
1311 2956 1373 3020 dici

273 3065 375 3139 putat.
420 3051 503 3129 Quin
527 3053 632 3139 potius
653 3055 770 3133 πρύμνα
791 3055 900 3120 πόλεος
921 3053 952 3116 h.
968 3052 989 3117 l.
1010 3053 1186 3141 appellatur
1206 3055 1273 3142 ipse
1295 3058 1374 3138 (lyo-

273 3157 345 3220 ν’ύων
359 3160 435 3219 θεῶν
449 3155 552 3237 πάγος,
569 3155 608 3220 nd
624 3177 718 3241 quern
734 3153 893 3217 Danaides
913 3156 1124 3220 consederant.
1170 3157 1215 3220 Et
1230 3157 1305 3243 quia
1320 3159 1372 3223 hio

272 3255 303 3319 in
319 3271 457 3319 extrema
475 3270 563 3342 parte
588 3254 685 3330 urbis,
701 3277 808 3317 versus
831 3274 923 3332 mare,
946 3255 1024 3320 situs
1046 3271 1124 3337 erat,
1145 3257 1225 3322 bene
1246 3273 1372 3345 poterat

272 3354 332 3419 dici
346 3358 463 3437 πρύμνα
476 3358 596 3423 πόλεος.
642 3357 758 3418 Sensus
777 3354 873 3441 igitur
886 3370 949 3419 est:
974 3358 1142 3436 Reverere,
1157 3381 1271 3445 quoeso,
1283 3381 1370 3446 pup-

269 3459 336 3543 pim
352 3459 491 3522 civitatis
505 3457 560 3521 ltoc
572 3457 660 3521 modo
670 3466 869 3529 coronatore,-
894 3457 927 3520 h.
938 3481 965 3521 e.
980 3478 1056 3522 αταο
1066 3459 1168 3536 hasce,
1179 3460 1214 3523 in
1228 3470 1371 3525 extrema

271 3559 359 3622 urbis
375 3568 471 3645 parte
491 3561 646 3635 silentio
668 3569 704 3622 ut
726 3558 823 3638 vides,
839 3561 937 3622 remis
959 3568 989 3622 et
1008 3562 1104 3639 viteis,
1121 3561 1298 3648 supplicum
1319 3564 1371 3625 in-

270 3661 427 3747 signibus,
453 3669 591 3724 ornatas.
637 3661 731 3723 Hanc
760 3659 1045 3745 interpretationem
1074 3676 1181 3748 aperte
1207 3663 1371 3728 oonfinnat

271 3785 403 3849 sequens
423 3763 505 3848 regis
527 3782 727 3849 responsum:
756 3760 887 3842 πέφρικα
907 3763 1047 3826 λεύσσων
1068 3762 1151 3826 τάσδ’
1175 3764 1260 3845 ἕδρας
1282 3789 1371 3828 κατα-

271 3866 388 3931 σκίαυτε
412 3867 445 3926 in
460 3887 525 3949 quo
539 3862 622 3927 τάσδ’
636 3865 721 3944 ἔδρας
736 3861 817 3926 idem
833 3878 879 3925 est
894 3862 981 3947 qnod
996 3863 1102 3949 puella
1112 3868 1246 3946 πρύμναν
1258 3867 1370 3933 πόλεος

270 3965 491 4054 appellaverat,
516 3981 548 4029 et
577 3967 752 4031 κατασκίους
780 3963 857 4026 nihil
886 3963 972 4026 aliud
998 3988 1093 4050 quam
1119 3966 1204 4052 quod
1234 3967 1287 4029 illa
1311 3989 1370 4053 per

271 4069 455 4150 ἐστεμμένην
469 4068 706 4155 significaverat,
721 4065 762 4129 cf.
778 4089 808 4128 v.
824 4084 841 4150 3
845 4081 897 4149 54.
922 4066 1038 4129 Sensus
1051 4066 1149 4153 igitur
1163 4084 1224 4131 est:
1254 4070 1370 4156 Utique

269 4193 361 4237 suero
382 4172 515 4260 quodam
536 4171 678 4246 horrore,
701 4167 754 4254 pia
774 4166 978 4244 veneratione,
998 4189 1045 4231 me
1060 4172 1246 4255 perntlenm
1267 4174 1369 4237 sentio

270 4275 326 4339 has
341 4274 470 4337 deorum
488 4273 623 4353 ἀγωνίων
638 4270 725 4333 sedes
746 4272 793 4332 nie
814 4269 1023 4345 obumbratos,
1039 4269 1073 4332 h.
1089 4294 1116 4336 e.
1140 4275 1241 4336 ramis
1262 4275 1369 4338 uiuit-

269 4399 328 4464 ραν
342 4383 494 4440 contectas
508 4374 694 4460 adspiciens.
720 4372 819 4435 SCH.
855 4372 947 4449 αἰδοῦ,
963 4371 1002 4435 σὺ
1016 4374 1133 4452 πρύμνα
1152 4377 1268 4442 πόλεως
1284 4375 1368 4440 Rob.

270 4502 309 4543 ex
324 4479 512 4564 conjectura.
