2984 5054
258 351 324 417 604
623 356 1000 420 ANNOTATIONES

259 538 353 588 certa.
377 527 573 605 γεροφρόνων
587 524 708 589 codices
723 541 754 590 et
770 526 848 591 Ald.
865 527 949 591 Rob.
966 525 1064 609 γέρων
1079 525 1121 590 ὢν
1133 525 1237 589 Turn.
1253 526 1377 613 Steph.

261 627 338 690 Post
354 627 543 707 γεραιόφρων
557 627 671 691 excidit
687 627 787 706 colon,
803 642 887 692 recte
900 627 1043 692 additum
1058 650 1077 691 a
1095 626 1262 714 Burgesio.

302 730 377 813 362.
416 729 582 814 αἰδόμενος]
616 731 787 809 αἰδούμενος
820 730 897 794 Ald.
929 729 1014 795 Rob.
1046 731 1151 794 Turn.
1208 728 1379 795 Deleatur

261 842 393 894 comma.

304 933 394 1013 οὗπερ
413 929 508 995 lectio
522 930 708 1019 interpolata
728 936 830 998 Turn.
854 948 885 998 et
909 933 1017 1020 Steph.
1040 934 1094 998 οὖν
1112 958 1168 1014 περ
1188 932 1316 998 codices
1340 949 1378 998 et

261 1032 341 1097 Ald.
366 1032 449 1097 Rob.
477 1035 511 1097 οὐ
536 1042 624 1099 πενεῖ
644 1035 781 1100 restituit
807 1039 1011 1101 Hermannus
1036 1034 1158 1121 praefat.
1181 1033 1222 1098 ad
1248 1035 1374 1123 Eurip.

263 1135 332 1197 Ion.
350 1157 380 1220 p.
397 1134 460 1197 xiv.
476 1159 515 1198 ex
530 1137 731 1201 annotatione
746 1137 918 1202 scholiastae
933 1140 968 1201 οὐ
980 1138 1172 1220 πτωχεύσεις.

305 1238 379 1320 363.
402 1236 544 1321 λήμματ’]
567 1236 673 1316 λήματ’
690 1237 767 1300 Ald.
784 1237 868 1301 Rob.
914 1237 1054 1299 Lacunae
1077 1234 1165 1320 signe
1186 1248 1258 1322 post
1282 1234 1375 1300 hunc

262 1360 387 1399 versum
403 1351 577 1424 posuerunt
592 1338 725 1401 editores
740 1337 935 1402 recentiores.

305 1441 379 1522 367.
394 1436 549 1522 μελέσθω]
565 1439 723 1518 μελέσθων
739 1439 846 1504 Guell.
862 1439 939 1503 ΑΜ.

307 1542 460 1628 ἐκπονεῖν]
478 1543 616 1606 ἐκπνοεῖν
632 1543 680 1604 Μ.
698 1541 774 1606 Ald.
790 1542 874 1606 Rob.
898 1544 940 1608 εἰς
954 1546 1059 1604 πνοεῖν
1073 1540 1147 1604 Par.
1164 1537 1273 1604 Guelf.

304 1645 379 1729 368.
395 1645 489 1725 πόρος
504 1645 587 1708 Rob.
603 1668 641 1708 ex
658 1646 837 1731 conjectura
851 1660 882 1709 et
898 1646 1003 1708 Turn.
1021 1642 1131 1729 Steph.
1153 1668 1305 1724 παρακρος
1319 1644 1370 1708 vel

262 1745 330 1826 παρ’
348 1748 435 1828 ἄκρος
449 1747 572 1810 codices
586 1762 617 1811 et
633 1747 709 1811 Ald.

307 1849 381 1932 369.
406 1849 665 1936 ἀστῶν-τοῖσδε]
692 1847 897 1912 Scribendum
920 1849 1157 1914 ἀστοῖς-τῶνδε
1177 1868 1250 1910 cum
1275 1848 1371 1912 Stan-

264 1956 332 2020 leio.
356 1962 448 2020 τῶνδε
463 1957 555 2020 etiam
573 1957 721 2042 Scaliger.

309 2059 465 2144 κοινώσας]
482 2059 611 2123 κοινιόσα
626 2060 676 2122 Μ.
700 2065 840 2123 κοινῶσαι
855 2061 928 2124 Par.

308 2162 710 2246 370-375=381-38⁶·

308 2281 383 2348 372.
405 2264 498 2342 Quod
513 2265 628 2328 chorus
649 2265 753 2344 βωμὸν
773 2263 910 2350 appellat
929 2264 1033 2327 ἑστίαν
1049 2265 1168 2347 χθονός,
1184 2260 1310 2349 respicit
1325 2261 1371 2342 id,

265 2366 352 2452 quod
368 2388 423 2430 rex
439 2366 572 2444 dixerat,
585 2366 665 2430 οὔτοι
680 2370 810 2444 καθῆσθε
825 2365 965 2445 δωμότιον
981 2363 1116 2447 ἐφέστιοι
1132 2365 1218 2443 ἐμῶν.
1244 2365 1372 2450 Nempe

264 2467 447 2556 scrupulum
463 2468 548 2532 hunc
563 2468 629 2555 regi
644 2468 776 2555 cupiunt
791 2467 933 2546 evellere,
947 2469 992 2531 ita
1008 2481 1053 2545 ut,
1069 2467 1217 2553 quoniam
1232 2466 1273 2530 ad
1285 2488 1372 2531 com·

266 2594 392 2635 munem
413 2594 497 2635 aram
514 2571 646 2635 civitatis
660 2571 869 2658 confugerint,
884 2571 974 2658 cnjus
989 2593 1045 2633 rex
1061 2570 1127 2656 ipse
1141 2591 1256 2656 praeses
1269 2567 1320 2648 sit,
1336 2592 1372 2634 se

266 2673 298 2738 in
313 2676 381 2761 ejus
396 2673 538 2737 clientela
552 2696 618 2736 esse
633 2673 816 2760 significent.
842 2675 940 2737 SCH.

308 2793 383 2861 374.
408 2778 524 2856 θρόνοις
550 2774 708 2838 Pauwius.
744 2777 877 2855 θρόνοισι
901 2773 987 2839 Rob.
1012 2773 1122 2861 Steph.
1153 2774 1290 2856 χρόνοισι
1315 2774 1367 2838 Μ.

266 2877 344 2942 ΑΜ.
364 2879 469 2941 Turn.
486 2890 517 2939 et
532 2874 630 2938 codex
648 2875 832 2939 Robortelli.

309 2995 350 3065 37
352 2999 383 3062 5.
400 2976 488 3062 ἄγος]
505 2979 600 3059 ἄλγος
615 2978 666 3040 Μ.
682 2976 762 3042 Ald.

309 3083 384 3165 376.
401 3079 607 3162 παλιγκότοις]
626 3080 810 3160 παλίγκοτον
826 3080 931 3143 Turn.

310 3184 383 3269 380.
400 3182 509 3262 δρᾶσαί
521 3206 554 3244 τε
568 3182 608 3261 μὴ
623 3184 733 3263 δρᾶσαί
745 3207 777 3246 τε
794 3181 936 3266 (δρόσητε
953 3181 1004 3244 Μ.
1017 3181 1089 3245 Par.
1102 3179 1195 3262 Ald.)
1214 3180 1262 3244 καὶ
1275 3182 1372 3263 τύχην

269 3286 366 3370 ἑλεῖν]
386 3283 534 3349 Similiter
550 3284 863 3371 Pseudo-Euripides
879 3282 984 3369 lphig.
1000 3280 1080 3346 Aul.
1096 3283 1148 3366 56.
1165 3282 1270 3346 δοῦναί
1282 3306 1315 3345 τε
1329 3283 1372 3363 μὴ

269 3389 373 3453 δοῦναί
384 3412 427 3461 τε,
444 3391 494 3465 τῆς
509 3388 599 3469 τύχης
616 3386 658 3471 (θ’
672 3386 761 3452 addit
777 3383 1001 3467 Marklandus)
1018 3385 1096 3451 ὅπως
1111 3382 1213 3465 ἅψαιτ’
1228 3383 1347 3464 ἄριστα.

311 3491 389 3575 381.
403 3490 457 3554 τόν
470 3489 771 3573 ὑψόθεν-ἐννόμου]
789 3490 922 3574 Respice
937 3507 1041 3574 queem
1055 3488 1093 3571 (J
1094 3491 1198 3570 ovem)
1216 3507 1373 3550 ‹arumno-

268 3613 375 3656 cornm
394 3591 575 3655 mortalium
593 3593 747 3654 caulodem
769 3599 798 3654 et
817 3600 989 3676 petrocum
1004 3611 1021 3653 e
1035 3590 1108 3654 coelo
1121 3611 1245 3653 causam
1260 3611 1370 3653 eorum

268 3698 492 3781 respicientem,
516 3695 582 3781 qui,
605 3715 676 3756 cum
697 3693 853 3780 supplices
874 3693 918 3756 ud
935 3693 1130 3780 propinquos
1151 3690 1371 3778 confugerint,

257 3799 322 3883 jue
336 3820 430 3862 cutem
444 3798 567 3881 legibue
580 3797 782 3859 conatitutum
797 3796 969 3882 impetrare
982 3794 1070 3858 haud
1087 3795 1201 3858 volem.
1225 3795 1254 3857 oi
1274 3793 1372 3860 πέλας

270 3921 331 3962 non
349 3914 422 3964 sunt
437 3902 536 3964 nmini
549 3900 623 3976 loeo,
640 3896 693 3961 sed
710 3896 814 3984 potius
823 3899 1001 3984 propinqui
1015 3899 1213 3984 cognatione.
1237 3897 1337 3960 scH.

312 4003 386 4087 385.
401 4002 499 4084 μένει]
517 4000 602 4079 μένοι
618 3998 702 4065 Rob.

315 4105 419 4187 ἶκτίον]
446 4103 497 4166 Sic
518 4101 639 4165 correxi
660 4101 811 4165 librorum
836 4100 1020 4187 scripturam
1044 4102 1166 4173 ἱκταίου,
1188 4122 1284 4186 quam
1308 4121 1372 4165 me-

271 4220 355 4271 trum
371 4228 432 4270 non
448 4206 518 4268 sert.
563 4204 712 4267 Notanda
726 4216 830 4267 autem
848 4203 993 4290 adjectivi
1015 4206 1106 4271 ἵκτιος
1126 4204 1229 4268 forma
1250 4225 1291 4268 ex
1311 4202 1372 4266 hoc

273 4331 336 4373 uno
351 4309 419 4372 loco
434 4308 570 4394 cognita.

314 4414 387 4496 386.
411 4410 682 4493 δνσπαραθέλκτοις
698 4410 864 4472 Pomonus.
888 4404 1177 4489 ὣδνσπαρθέλκτοις
1193 4408 1243 4470 Μ.
1261 4405 1370 4471 Guelf.

272 4515 348 4581 Ald.
373 4513 621 4595 δνσπαρθενήτοις
636 4514 710 4577 Par.
732 4510 795 4594 (cui
818 4508 916 4574 simile
937 4525 983 4573 est
1005 4509 1288 4592 όνσπαραμνθότοις,
1305 4531 1371 4595 quo
