2984 5054
521 351 590 415 AD
612 350 910 417 EUMENIDES.
1201 353 1266 418 525

211 533 262 601 27.
278 520 432 583 Πλείστου
450 544 483 584 τε
501 518 610 604 τηγδς]
626 520 705 583 Post
720 517 869 606 Corycias
883 518 1049 604 Nymphas
1065 517 1198 583 Plisturn
1220 519 1267 583 in·

167 637 283 700 vocat;
320 620 382 684 illoe
415 620 497 684 enim
531 621 627 708 hujus
656 619 745 684 fluvii
772 619 857 697 filiae,
887 633 925 683 ut
953 619 1049 684 refert
1077 620 1268 708 Apollonius

168 741 200 801 2,
217 739 288 805 711.

297 858 410 922 Πολλδ
425 858 457 921 δὲ
472 858 621 939 Κωρυκίαι
635 859 748 940 νύμφαι
763 857 929 921 Πλείστοιο
945 857 1097 939 θύγατρες.

167 989 255 1055 Nihil
279 991 382 1057 tritius
403 993 489 1080 apud
513 1008 621 1080 poetas
642 1007 771 1072 veteres,
794 1013 889 1078 quarn
911 989 1080 1055 fluviorum
1102 990 1266 1058 invocatio.

168 1093 284 1157 Noster
297 1092 329 1157 in
346 1093 458 1182 Suppl.
474 1118 503 1159 v.
519 1113 611 1180 1031.

424 1229 489 1311 μηδ’
505 1231 549 1295 ἔτι
564 1231 678 1295 Νείλου

296 1335 428 1416 τροχοδς
442 1333 583 1413 σέβωμεν
595 1334 708 1412 ὕμνοις.

170 1465 338 1530 STANL.
363 1466 478 1554 Scripsi
493 1470 647 1531 Πλειστοῦ
660 1487 731 1530 cum
750 1463 897 1529 Stauleio.
919 1468 1080 1533 πλείστους
1095 1466 1144 1529 Μ.
1158 1467 1267 1534 Guelf.

168 1566 248 1631 Ald.
265 1569 349 1632 Rob.
366 1570 476 1657 Etym.
492 1569 544 1632 M.
560 1591 592 1655 p.
607 1570 683 1651 676,
698 1582 732 1652 5.
751 1565 958 1634 Ἀπολλώνιος
978 1570 1022 1651 (2,
1039 1585 1074 1651 71
1085 1571 1138 1651 t.),
1156 1573 1268 1635 Πολλδ

168 1673 200 1735 δὲ
214 1673 360 1753 Κωρύκιαι
376 1673 488 1752 νύμφαι
500 1673 664 1734 Πλειστοῖο
679 1670 830 1752 θύγατρες.
851 1670 929 1737 τινὲς
944 1671 1182 1753 ἀναγινώσκουσι
1196 1696 1268 1753 πρυ·

168 1772 406 1853 περισπωμένως,
436 1772 535 1851 ἐπειδὴ
562 1771 610 1836 καὶ
635 1771 693 1835 ύτδ
716 1777 775 1834 τῶν
798 1771 951 1853 ἐγχωρίων
972 1771 1095 1855 λέγεται
1115 1774 1268 1841 Πλειστός

169 1875 320 1951 ὀξυτόνως·
359 1874 424 1937 ἔστι
453 1875 485 1936 δὲ
512 1872 644 1953 τοταμδς
670 1874 704 1936 ἐν
730 1879 877 1955 Δελφοῖς.
907 1871 1091 1956 Ἡρωδιανὸς
1116 1876 1149 1937 δὲ
1174 1875 1208 1938 ἐν
1232 1876 1268 1961 τῇ

169 1977 298 2039 καθόλου
313 1981 465 2042 Πλεῖστος
478 1977 614 2057 βαρύνει.

212 2083 401 2144 Ποσειδῶνος
422 2076 537 2161 κράτος]
555 2079 628 2140 Νοο
651 2075 717 2140 sine
737 2075 856 2141 ratione
877 2090 909 2140 et
924 2077 1109 2162 Neptunum
1133 2077 1267 2156 invocat,

169 2178 260 2264 cujus
273 2178 360 2264 prius
374 2178 476 2242 fuerat
495 2178 571 2242 urbs
586 2177 717 2264 Delphi,
732 2178 831 2242 donec
854 2200 921 2242 eam
937 2177 1085 2242 Calauria
1101 2181 1268 2262 (¹1'aenaro,

170 2294 206 2342 ut
223 2279 336 2343 Strabo
351 2280 379 2341 8.
396 2301 427 2365 p.
444 2282 533 2363 250.)
548 2293 789 2364 permutaverat.
835 2277 1045 2343 Callimachus
1062 2279 1116 2363 (fr.
1134 2285 1223 2365 221.)

299 2411 416 2494 Μίσφα
432 2412 615 2492 Καλαυρείης
628 2411 722 2491 ἦλθεν
737 2412 768 2478 ἐς
783 2411 944 2474 ἀντίδοσιν.

171 2546 339 2611 STANL.
386 2546 557 2610 Invocatur
579 2547 761 2633 Neptunus,
784 2544 860 2631 quia
884 2544 1046 2609 colebatur
1069 2544 1214 2632 Delphis,
1237 2559 1269 2611 et

169 2646 202 2712 id
228 2647 354 2733 quidem
379 2646 564 2734 cognomine
584 2647 761 2729 Ἀμοιβέως,
789 2662 825 2711 ut
851 2646 948 2711 tradit
972 2647 1107 2711 Tzetzes
1132 2646 1172 2711 ad
1199 2648 1267 2735 Ly·

169 2749 276 2836 cophr.
296 2754 369 2833 617.
414 2749 545 2814 Exstitit
571 2749 716 2814 nimirum
741 2771 795 2814 ara
817 2749 896 2836 ejus,
918 2749 949 2814 in
974 2749 1090 2837 templo
1109 2750 1268 2838 Apollinis

169 2866 337 2919 exstructa.
384 2852 476 2917 Cous.
494 2853 630 2918 Pausan.
643 2872 693 2930 10,
710 2871 762 2934 24,
777 2873 811 2935 4.
844 2851 919 2916 Alia
932 2867 980 2917 est
994 2853 1074 2918 ratio
1088 2877 1146 2920 cur
1159 2853 1191 2918 iu
1207 2855 1270 2918 fine

170 2954 285 3023 τέλειος
298 2957 426 3038 ὕψιστος
440 2956 515 3023 Ζεὺς
532 2955 706 3020 invocetur.
750 2954 827 3019 Fuit
849 2968 951 3020 tamen
972 2954 1065 3019 etiam
1082 2956 1270 3043 Moeragetae

171 3067 274 3117 statua
288 3054 319 3117 in
334 3054 443 3119 eodem
460 3058 585 3143 templo.
602 3056 682 3120 Vide
697 3058 832 3121 Pausan.
849 3055 868 3120 l.
884 3054 905 3119 l.
950 3054 1127 3119 Muellerus
1145 3057 1176 3120 in
1193 3056 1270 3144 edit.

172 3157 308 3219 Eumen.
325 3178 356 3242 p.
374 3176 445 3220 101.
460 3158 573 3221 Jovem
589 3157 735 3244 iutelligit
747 3162 928 3239 Λυκωραῖου.
951 3157 1218 3223 WIESELER.

216 3277 268 3341 29.
285 3256 338 3342 εἰς]
355 3257 561 3322 scribendum
578 3261 620 3326 ἐς.

214 3376 267 3442 30.
299 3357 435 3443 εἰσόδων]
466 3359 554 3423 Male
582 3360 641 3423 hoc
671 3359 865 3425 Abreschiue
893 3359 933 3423 de
962 3362 1114 3425 reditibus
1141 3361 1270 3448 accepit.

173 3459 304 3523 Rectius
331 3459 529 3525 Wakefield:
554 3463 691 3544 felicior
719 3464 887 3548 ingramus
910 3462 1078 3546 prioribus
1106 3464 1272 3549 contingat

173 3563 275 3635 mitt,-
309 3561 359 3626 vel
373 3574 409 3625 ut
423 3561 558 3648 pressius
573 3562 682 3649 tragici
696 3563 790 3628 verba
805 3583 992 3648 sequamur:
1029 3564 1074 3627 Et
1096 3585 1181 3627 uuno
1202 3563 1272 3650 qui·

173 3662 245 3726 dem
266 3686 388 3751 precor,
411 3677 448 3726 ut
469 3663 536 3728 haec
558 3664 697 3744 numina,
719 3686 792 3750 quae
813 3662 965 3742 invocavi,
988 3663 1073 3728 hunc
1097 3664 1271 3751 ingressum

173 3767 369 3853 superiorum
383 3763 522 3831 omnium
538 3765 631 3852 longe
644 3765 868 3830 faustissimum
882 3789 948 3830 esse
959 3764 1073 3840 veliut;
1097 3765 1176 3830 ordo
1189 3767 1272 3832 euim

172 3869 339 3934 verborum
354 3868 404 3934 hic
420 3883 481 3932 est:
507 3869 556 3934 καὶ
570 3873 624 3933 νῦν
634 3873 716 3934 δοῖεν
728 3894 766 3948 με
780 3874 882 3952 τυχεῖν
891 3871 993 3954 μακρῷ
1006 3869 1116 3951 ἄριστα
1130 3874 1189 3934 τῶν
1202 3871 1273 3952 πρὶν
1361 3876 1369 3893 “

174 3973 306 4035 εἰσόδων.
331 3972 430 4035 SCH.

215 4072 328 4157 μακρῷ]
342 4078 462 4154 μακρῶν
476 4070 556 4136 Ald.
574 4073 677 4136 Turn.

217 4193 270 4257 31.
293 4176 337 4238 κεῖ
357 4172 424 4255 παρ’
446 4171 621 4261 Ἑλλήνων]
640 4173 729 4238 Male
744 4173 938 4239 Abreschius
960 4178 1005 4240 κεῖ
1025 4174 1092 4256 πύρ’
1115 4174 1274 4255 Ἑλλήνων

174 4274 261 4346 τινὲς,
276 4275 366 4359 quasi
385 4276 466 4355 πάρα
487 4297 545 4361 pro
566 4275 686 4356 πάρεισι
706 4274 827 4339 dictum
848 4274 898 4341 sit.
945 4277 1049 4340 lmmo
1070 4275 1206 4362 elliptioa
1226 4289 1274 4340 est

173 4374 275 4438 formu
297 4376 341 4438 κεῖ
361 4373 428 4455 παρ’
450 4373 611 4453 Ἑλλήνων
631 4377 709 4442 τινὲς
729 4375 860 4457 τθρεισι,
883 4391 915 4440 et
937 4377 962 4439 si
986 4377 1090 4442 adsint
1111 4398 1131 4439 a
1151 4375 1273 4440 Graeois

175 4473 352 4538 nationibus
367 4474 462 4560 legati
483 4474 611 4560 quidam
634 4473 796 4538 oraculum
818 4475 1001 4553 consulturi,
1018 4479 1090 4541 ἴτων
1110 4475 1197 4562 τύλιρ
1218 4482 1273 4541 λα-
