2984 5054
532 367 600 430 AD
624 365 956 431 CHOEPHOR'AS.
1226 365 1297 431 ‘4³1

191 529 247 595 Ἐκ
272 537 332 595 τῶν
353 530 500 617 πατρηίαιν
526 531 665 612 αἱμάτων.
698 528 1086 618 Αὲαιη.1264.,αίμάτων
1110 529 1296 610 εὐθνησίμων

191 629 426 713 Ἀπαρρυέντων.
444 633 570 719 Musgr.
585 632 626 697 ad
642 633 756 718 Eurip.
773 631 887 697 Phoen.
902 648 995 717 1540.
1020 632 1196 696 BLOMF.
1224 633 1295 713 αῐμό

189 731 217 797 τ’
232 735 337 797 Turn.

236 833 389 899 έκποθένθ
407 835 602 899 Schuetzius.
627 838 754 899 έκποθέν
769 836 848 900 libri.

236 937 273 1001 δι’
288 936 527 1019 αἵματ’-φόνος
540 937 690 1021 πέπηγεν]
709 939 791 1002 Haec
805 961 822 1000 e
837 936 982 1024 populari
997 938 1134 1023 quadam
1146 937 1295 1024 supersti-

193 1038 277 1104 tione
299 1038 500 1125 intelligenda
522 1056 607 1116 suut,
625 1039 667 1103 ad
689 1055 824 1103 nostram
847 1039 939 1103 etiam
962 1053 1086 1103 aetatem
1109 1054 1293 1127 propagata,

193 1163 258 1226 qua
287 1138 440 1205 maculam
470 1164 510 1205 ex
540 1141 691 1227 sanguine
720 1141 853 1204 hominis
882 1141 998 1228 injuste
1022 1141 1092 1206 caesi
1119 1143 1151 1205 in
1179 1157 1294 1207 terram

192 1241 305 1320 effuso,
321 1264 443 1329 semper
457 1264 592 1317 manere,
608 1265 665 1306 nec
679 1242 741 1306 elui
758 1265 848 1328 posse
862 1243 1031 1329 fingebant.
1069 1244 1185 1329 Itaque
1200 1247 1295 1326 φόνος

193 1342 225 1408 h.
235 1342 254 1408 l.
271 1367 332 1408 non
346 1360 393 1408 est
407 1345 518 1420 codes,
533 1345 587 1407 sed
602 1366 703 1407 ανααν.
743 1345 801 1409 Ea
815 1347 979 1432 sanguine
993 1344 1241 1430 Agamemnonis
1253 1348 1294 1410 αδ

193 1447 279 1510 ulmo
293 1447 403 1510 ίαίίατν
416 1446 529 1510 hausto
542 1446 726 1533 congelatus
741 1449 894 1510 remansit
908 1469 1002 1510 cruor
1016 1449 1164 1511 ultionem
1179 1459 1295 1534 ρναναῑ

192 1569 281 1625 cam,
296 1548 384 1611 hored
403 1548 543 1635 αοιρίὶιισ
562 1548 720 1634 affluens,
739 1547 796 1610 i.e.
820 1549 906 1610 haud
927 1569 1121 1628 αναιιαςαεασ,
1141 1553 1292 1635 quemad·

193 1648 323 1713 modum
344 1672 428 1735 aqua
446 1651 607 1735 congelata
630 1647 719 1711 solidi
741 1648 879 1733 corporis
899 1649 1030 1712 formans
1054 1649 1165 1714 induit.
1191 1652 1292 1715 SCH.

194 1752 311 1815 Noster
326 1752 431 1815 Theb.
448 1769 521 1836 731.
543 1750 631 1815 Ἐπεὶ
651 1750 675 1815 δ’
692 1751 730 1815 ἂν
745 1751 927 1817 αὐτοκτόνως
946 1750 950 1837 Ι
970 1751 1153 1816 αύταδόϊκτοι
1168 1753 1292 1832 θάνωσι)

211 1852 218 1941 Ι
237 1855 286 1918 καὶ
298 1857 406 1938 χθονία
421 1853 500 1921 κόνις
510 1857 562 1940 πίῃ
581 1856 587 1940 Ι
605 1858 799 1935 μελαμπαγὲς
813 1856 885 1933 οἶμα
900 1856 1029 1935 φαίνων,
1050 1853 1055 1941 Ι
1073 1857 1117 1922 τίς
1131 1856 1169 1919 δν
1183 1862 1292 1938 καθαρ·

192 1957 265 2036 uois
275 1962 362 2038 πόροι
374 1986 382 2031 ;
404 1956 409 2044 Ι
428 1959 471 2025 τίς
482 1959 520 2021 ἄν
532 1966 593 2039 σφε
608 1959 765 2028 λαύσειεν;
790 1956 881 2020 Cont'.
896 1955 1041 2042 Sophocl.
1054 1957 1134 2021 OEd.
1147 1961 1189 2022 T.
1201 1962 1291 2045 1236.

193 2057 306 2145 Eurip.
323 2057 374 2124 El.
391 2077 465 2143 320.
487 2059 560 2138 αίμα
581 2056 604 2121 δ’
622 2058 666 2121 έτι
681 2057 791 2136 πατρὸς
806 2061 880 2121 κατὰ
895 2057 1005 2140 στέγας
1019 2057 1131 2122 Μέλαν
1144 2059 1290 2139 σέσηπεν.

193 2159 369 2224 BLOMF.

237 2265 290 2343 67.
313 2263 404 2347 τίτας]
425 2263 554 2326 Υίηιίεν.
578 2258 711 2342 τιμωρός.
736 2260 837 2324 Schol.
861 2260 955 2342 φόνος
970 2260 1105 2343 πέπηγεν
1120 2264 1198 2325 ὥστε
1213 2263 1293 2340 τίτης

193 2362 282 2437 εἶναι,
297 2365 333 2428 οὐ
348 2365 511 2445 διαῤῥυδήν.
527 2363 645 2427 Heath.
663 2362 802 2448 Hesych.
819 2365 926 2426 Timr:
951 2365 1079 2443 εύπαραι.
1101 2361 1120 2441 ἢ
1136 2362 1293 2444 κατήγοροι

194 2471 254 2529 τῶν
268 2464 432 2548 ἀρχόντων.
447 2465 549 2552 glossa
563 2478 721 2550 corrupta.
744 2464 919 2527 BLOMF.

237 2567 405 2652 διαρρυδᾶν]
423 2567 627 2631 Scribendum
643 2580 781 2629 correcto
794 2582 923 2628 accentu
944 2567 1101 2646 διαρρύδαν
1118 2568 1194 2648 (non
1211 2570 1289 2646 διαρ·

193 2669 285 2750 ρνδόν
310 2669 396 2754 quod
424 2667 628 2732 Blomfieldus
654 2666 773 2753 posuit)
800 2667 1019 2751 notandusque
1044 2667 1209 2730 Dorismus
1234 2689 1293 2753 pro

195 2774 361 2852 διορρύδην,
377 2770 433 2834 nisi
450 2786 505 2833 aut
520 2770 579 2833 hoc
593 2769 696 2854 ipsum
712 2783 766 2832 aut
781 2768 936 2849 διαρρυδόν
950 2768 1188 2832 restituendum.
1228 2770 1292 2833 Pro

194 2871 344 2936 adverbio
358 2887 440 2936 recte
462 2871 581 2958 accepit
602 2870 774 2947 scholiasta,
791 2872 857 2935 ἀντὶ
878 2878 931 2935 τοῦ
953 2873 987 2936 ού
1009 2870 1160 2953 διαρρέον.
1207 2873 1290 2936 Nam

194 2973 238 3037 sic
248 2973 442 3060 grammatici
456 2970 637 3059 hujusmodi
652 2971 800 3035 adverbia
810 2972 964 3058 explicare
976 2973 1088 3037 solent:
1110 2997 1138 3038 v.
1151 2973 1291 3038 Lobeck.

194 3072 331 3159 Paralip.
348 3096 381 3159 p.
396 3077 464 3157 156.

238 3175 290 3238 68.
307 3175 430 3256 διαλγὴς
443 3172 511 3257 ἄτη]
527 3170 731 3235 Scribeudum
748 3173 872 3254 διαλγὴς
887 3171 910 3235 δ’
927 3175 984 3237 ἄτα
997 3197 1068 3239 cum
1087 3177 1280 3240 Hermanno.

238 3273 387 3359 διαφέρει]
419 3272 640 3354 διασπαράσσει
665 3271 800 3354 διαφέρει
824 3275 873 3336 Μ.
900 3273 1085 3359 glossemate
1111 3276 1141 3338 in
1169 3290 1292 3343 textum

195 3374 288 3439 illato.
326 3373 546 3455 διασπαράσσει
571 3372 648 3436 Ald.
678 3375 781 3436 Turn.
808 3373 929 3436 omissis
954 3375 1055 3439 verbis
1080 3374 1216 3456 διαφέρει
1241 3378 1294 3441 τὸν

194 3480 299 3541 αίτιον.
344 3477 444 3538 Recta
459 3475 614 3559 scriptura
628 3473 720 3537 estin
736 3475 819 3538 Rob.
838 3475 946 3561 Steph.

238 3581 289 3664 69.
305 3575 501 3661 παναρκέτας]
520 3575 628 3639 Lectio
643 3575 751 3639 vitiosa
768 3599 823 3639 nec
837 3600 945 3639 versus
960 3577 1088 3663 integer.
1103 3584 1293 3648 πανσλκετδς

194 3681 274 3745 Ald.
293 3683 398 3743 Turn.
424 3678 606 3753 Scholiasta,
622 3681 672 3755 τῆς
688 3680 728 3744 εἰς
741 3677 839 3741 πάντα
850 3677 902 3741 τὸν
916 3676 1027 3760 χρόνον
1042 3680 1187 3759 ἀρκούσης
1202 3682 1291 3766 αὐτῷ.

196 3784 273 3847 Post
295 3780 387 3846 νόσου
408 3780 441 3843 in
463 3780 550 3844 libris
573 3780 721 3865 leguntur
743 3780 838 3844 verba
859 3782 973 3860 βρύειν.
994 3778 998 3865 Ι
1018 3782 1086 3847 τοὺς
1106 3779 1129 3843 δ’
1149 3783 1293 3862 ἄκραντος

195 3885 260 3968 ἔχει
281 3886 334 3962 νύξ
355 3906 394 3946 ex
414 3906 445 3944 v.
463 3884 516 3961 64.
532 3883 583 3964 65.
599 3881 739 3966 repetita.
762 3882 866 3961 βρύειν
885 3881 974 3966 ejecit
990 3882 1204 3961 Hermannus,
1220 3884 1291 3947 reli·

194 4007 258 4071 qua
271 3983 388 4059 delevit
404 3980 572 4046 Heathius.
603 3982 668 4044 Pro
682 3981 852 4067 ephymnio
867 3980 976 4044 habuit
991 3982 1223 4068 grammaticus,
1235 4008 1291 4048 cu-

189 4087 244 4173 jus
258 4084 418 4149 annotatio
431 4085 464 4146 in
480 4082 619 4168 margine
635 4084 685 4145 M.
701 4099 757 4158 est,
773 4088 858 4146 τοῦτο
873 4085 975 4164 ὥσπερ
991 4082 1173 4168 ἑπαδόμενόν
1188 4087 1280 4151 ἐστιν.

237 4207 289 4269 71.
305 4184 431 4268 οἴγοντι]
447 4182 562 4264 θιγόντι
578 4182 715 4269 Scaliger
728 4199 760 4246 et
776 4183 962 4266 Stephanus.
1008 4187 1101 4249 Notae
1122 4187 1293 4253 locutiones

194 4290 280 4368 εὐνῆς
304 4293 400 4368 θιγεῖν
425 4285 474 4349 vel
498 4287 655 4367 δφασθαιε
692 4284 763 4348 vide
783 4283 935 4349 'Gataker
958 4285 997 4349 ad
1023 4288 1074 4351 M.
1097 4290 1179 4352 Ant.
1196 4312 1223 4366 r,
1241 4306 1290 4372 17.

194 4388 310 4455 Monk.
326 4387 367 4452 ad
383 4385 516 4472 Hippol.
530 4407 580 4467 14.
626 4385 754 4449 Fortius
776 4400 878 4449 tamen
902 4387 1060 4451 nonnullis
1081 4388 1225 4453 videatur
1247 4395 1290 4455 ol-

195 4516 299 4572 γαντι;
322 4489 408 4575 quod
425 4489 449 4552 si
461 4488 605 4565 retineas,
617 4486 806 4551 constructio
817 4487 884 4562 erit,
898 4488 950 4550 οὐκ
962 4489 1045 4552 ἔστιν
1056 4490 1126 4556 ἄκος
1141 4497 1292 4571 νυμφικῶν
