2984 5054
272 337 338 405 562
632 335 1008 402 ANNOTATIONES

315 512 387 575 688.
405 512 482 574 Post
496 511 564 574 τότε
578 529 701 573 comma
715 521 859 595 ponatur.

314 616 387 699 691.
410 613 509 695 φόβος
523 609 671 693 συγγενὴς
692 631 754 672 non
776 619 822 673 est
838 611 933 673 timor
946 609 986 672 ab
1001 617 1120 673 natura
1142 609 1317 695 ingenitus,
1335 625 1373 671 ut

272 713 489 781 Wakefieldus
504 724 607 799 putat,
623 711 677 776 sed
696 715 790 776 timor
803 734 874 776 cum
895 712 1074 776 reverentia
1087 719 1255 799 cognatm,
1273 730 1370 795 quam

271 817 353 881 cives
368 818 538 901 Areopago
552 813 724 901 praestituri
739 828 849 877 essent.
873 815 974 878 SCH.
1005 810 1210 878 scribendum
1227 812 1374 893 ξυγγενὴς

271 939 343 983 oum
360 919 509 981 Porsono.

312 1021 353 1101 μὴ
366 1018 468 1086 ’δικεῖυ
484 1022 588 1084 Turn.
621 1019 662 1100 μὴ
676 1021 788 1083 ἀδικεῖν
807 1018 878 1083 libri
900 1017 1022 1105 reliqui.
1061 1016 1266 1083 Scribendum
1287 1019 1374 1098 μὰδι-

272 1147 345 1186 ΚΕΗ).

314 1227 388 1308 692.
403 1222 492 1307 τότ’]
509 1221 568 1288 τύδ’
586 1224 635 1286 Μ.
652 1221 732 1286 Ald.
748 1221 832 1287 Rob.
854 1222 916 1287 τθθ
933 1225 1037 1287 Turn.
1059 1224 1105 1298 πθ,
1122 1220 1148 1285 θ’
1165 1221 1272 1307 steph.

314 1326 498 1411 δναν1ἥναν
512 1324 593 1391 libri.

314 1431 391 1515 693.
406 1430 447 1509 μὴ
460 1427 684 1494 ’πικαινούντσν
698 1426 886 1513 Stephanum
908 1427 948 1508 μὴ
962 1428 1167 1492 ’πικαινθντων
1181 1425 1261 1491 libri.
1290 1426 1372 1491 Scri-

270 1530 409 1595 bendum
425 1531 465 1612 μὴ
479 1529 707 1615 ’πιχραινθντινν
721 1551 794 1595 cum
809 1527 1016 1595 Wakefieldo.

314 1636 388 1720 694.
405 1635 482 1699 Post
497 1636 664 1716 ἐπιρροαῖσι
677 1632 767 1697 colon
782 1631 887 1700 omisit
901 1633 1077 1720 typotheta.

314 1735 356 1821 θ’]
376 1736 581 1801 Scribendum
598 1735 623 1800 δ’
638 1758 710 1800 cum
726 1737 893 1800 Pearsono.

314 1842 388 1923 696.
404 1839 551 1922 ἄναρχον]
569 1839 715 1920 θναρκτον
730 1837 902 1915 ΒεαῑΙείυε,
918 1860 958 1901 ex
973 1860 1004 1901 ν.
1017 1840 1093 1923 526.

313 1940 399 2025 μήτε]
412 1939 486 2018 μύδε
502 1939 576 2020 (hoc
590 1943 735 2023 accentu)
753 1941 802 2003 M.
824 1940 865 2019 μὴ
879 1942 912 2003 δὲ
927 1938 1011 2003 Rob.
1022 1938 1109 2025 quod
1124 1939 1226 2027 ipsum
1242 1964 1372 2027 quoque

270 2040 348 2105 nihil
371 2040 457 2104 aliud
472 2063 646 2127 essequam
661 2042 803 2121 μὴτὲεκ
825 2065 863 2106 eo
881 2041 985 2128 oolligi
1006 2056 1110 2129 potest
1123 2043 1208 2129 quod
1232 2066 1291 2130 pro
1304 2043 1370 2124 μήτ’

271 2144 405 2226 ἄναρχον
419 2141 561 2207 similiter
575 2164 755 2230 expressum
772 2158 819 2209 est
833 2144 874 2226 μὴ
888 2143 911 2208 τ’
927 2146 1071 2228 ἄναρχον.

315 2246 566 2331 δεσποτούμενον]
586 2245 610 2310 δ’
625 2245 805 2312 addendum
822 2246 988 2312 videbatur
1004 2248 1150 2313 Stanleio.

316 2350 390 2433 697.
412 2349 656 2431 περιστέλλουσα
673 2348 833 2415 Porsonus
853 2372 925 2415 cum
950 2352 1100 2417 Heathio.
1145 2352 1371 2417 Revocandum

271 2449 359 2537 quod
376 2450 407 2514 in
423 2450 510 2516 libris
524 2465 571 2515 est
584 2452 825 2534 περιστέλλουσι.

315 2555 434 2640 σέβειν]
453 2554 545 2620 σέθεν
567 2554 616 2617 M.
641 2554 715 2617 Par.
739 2553 847 2618 Guelf.
870 2554 949 2619 Ald.
973 2556 1076 2618 Turn.
1116 2556 1197 2619 Vera
1217 2557 1374 2643 scriptum

272 2671 420 2722 annotata
433 2656 467 2720 in
481 2656 621 2742 margine
636 2658 699 2733 M.‚
716 2656 860 2721 restituta
873 2655 904 2718 in
921 2655 1004 2720 Rob.
1021 2656 1131 2742 steph.

316 2779 389 2841 700.
404 2783 451 2822 τοι
464 2779 526 2822 om.
542 2756 627 2821 Rob.

316 2875 389 2943 703.
404 2856 463 2923 οὔτ’
479 2858 528 2944 έν]
545 2858 613 2922 ούτε
627 2858 701 2920 Par.
717 2855 795 2920 Ald.
811 2858 914 2920 Turn.

315 2961 489 3045 Σκύθαισιν]
508 2960 658 3038 Σκύθῃσιν
672 2957 754 3037 libri,
770 2957 829 3022 nisi
844 2957 931 3045 quod
946 2960 1087 3023 Σκύθοισι
1102 2960 1176 3024 Par.

316 3080 389 3143 704.
412 3061 533 3146 κερδῶν]
559 3065 670 3143 κερδῶν
690 3059 714 3124 τ’
741 3060 899 3126 Pauwius.
937 3064 1071 3127 Praestut
1095 3067 1206 3144 κερδῶν
1231 3062 1266 3136 δ’,
1285 3065 1372 3149 quod

271 3165 403 3251 conjecit
419 3162 631 3231 Schwenkius.

317 3269 391 3353 708.
407 3268 460 3354 εἰς]
477 3267 685 3333 Soribendum
703 3269 744 3336 ἐς.

316 3389 390 3457 7ο9.
408 3373 472 3460 καὶ]
490 3373 539 3437 ἐπὶ
554 3370 638 3436 Rob.

316 3491 390 3557 710.
410 3475 601 3554 αἰδουμένους
623 3472 789 3538 Stanleius.
819 3472 1004 3554 αἰδουμένοις
1023 3472 1107 3554 libri,
1122 3473 1373 3561 inoerpunctioue

272 3592 344 3666 post
359 3580 441 3660 δίκην
455 3577 568 3664 posita,
585 3593 655 3663 post
669 3578 760 3658 ὅρκον
773 3575 895 3641 omissa.

316 3682 420 3764 ὅρκον]
438 3683 530 3762 νόμον
545 3681 619 3743 Par.

316 3798 390 3866 713.
417 3782 548 3865 κᾶγωγε]
574 3783 654 3862 κθγῶ
679 3805 717 3863 γε
738 3779 822 3844 Rob.
846 3778 956 3865 Steph.
989 3780 1070 3861 κᾶγιύ
1093 3780 1142 3845 Μ.
1161 3780 1270 3846 Guelf.
1294 3779 1373 3847 Ald.

274 3885 378 3947 Turn.

317 4000 390 4066 714.
408 3985 533 4069 κελεύω]
548 3985 681 4048 κελεύσω
698 3981 782 4047 Rob.
828 3981 919 4045 Idem
935 3981 1046 4047 vitium
1062 4007 1093 4049 v.
1111 3988 1186 4067 674.

317 4086 390 4165 716.
405 4084 577 4170 μαντεύσει]
591 4086 741 4164 μαντεύσῃ
755 4083 836 4149 libri.

315 4186 426 4272 μένον]
442 4185 650 4250 scribendum
666 4185 763 4264 νέμων
777 4207 849 4250 eum
866 4186 1061 4251 Hermanno.

317 4306 391 4373 717.
406 4287 424 4369 ἢ
440 4287 613 4376 typothetoe
628 4310 715 4351 error
729 4311 787 4375 pro
801 4288 829 4367 ἦ.

317 4413 391 4480 763.
406 4394 539 4476 Φέρητος
554 4393 588 4456 ἐν
603 4391 717 4474 δόμοις]
736 4390 877 4479 Respicit
891 4389 1081 4455 Alcestidem
1095 4391 1226 4457 Admeti
1243 4415 1373 4459 uxorem

273 4499 314 4563 ab
327 4495 434 4563 inseris
448 4509 632 4562 revocatam.
675 4494 728 4560 Cf.
744 4494 856 4582 Eurip.
874 4494 992 4559 Alcest.
1008 4517 1039 4557 v.
1056 4495 1108 4560 28.
1124 4518 1192 4582 sqq.
1218 4497 1319 4561 SCH.
