2984 5054
497 345 565 408 AD
589 347 856 410 SUPPLICES.
1161 342 1223 408 611

168 517 245 595 464.
261 514 330 579 ἀλλ’
346 518 448 583 tates
458 515 653 580 Abrescbiua
667 516 780 580 collato
792 517 899 579 Proui.
913 516 987 579 610.
1002 514 1056 578 ούκ
1068 513 1227 594 έμσλέκιιν

126 615 282 696 αἰνίγματ’,
314 616 382 681 ἀλλ’
412 620 499 704 δαλῷ
531 620 622 703 λόγῳ.
660 621 742 683 θλλδ
774 625 835 686 πῶς
867 616 949 695 libri,
979 615 1066 703 quod
1098 615 1224 680 delendi

126 732 239 800 potest.

169 821 244 902 465.
275 821 476 907 ἀπάγξασθαι]
506 821 658 908 Virginea,
687 844 761 908 quoe
787 820 895 907 paullo
921 819 1109 906 generosiori
1138 834 1227 885 erant

128 921 240 1000 animo,
268 923 353 987 zonis
381 924 422 988 ad
449 924 649 1011 suspendium
673 923 762 987 abuti
785 938 858 987 aunt
882 922 979 987 solitae
1002 923 1226 1010 potiusquam

127 1039 221 1087 veste.
267 1025 455 1090 Parthenius
477 1026 518 1090 de
542 1026 666 1091 Biblide
690 1028 782 1089 Erot.
807 1043 838 1090 2.
863 1026 917 1105 τὴν
942 1029 975 1090 δέ
1005 1027 1063 1106 δρα
1088 1027 1146 1090 ύπδ
1175 1031 1228 1090 τοῦ

128 1125 241 1193 πάθους
254 1128 294 1207 μὴ
314 1130 470 1209 ἆνιεμένην
485 1129 557 1211 πρὸς
570 1131 603 1192 δέ
623 1133 771 1192 δοκοῦσαν
786 1129 884 1192 αἰτίαν
899 1129 1005 1213 Καύνιρ
1020 1132 1071 1207 τῆς
1086 1130 1226 1192 ἀπαλλα-

128 1232 183 1308 γῆς
197 1229 397 1311 ἀναψαμένην
411 1232 471 1295 ἀπό
484 1257 564 1298 τινος
577 1231 661 1313 δρυὸς
675 1230 728 1309 τὴν
741 1231 848 1310 μίτραν
860 1231 989 1295 ἐνθεῖναι
1000 1230 1054 1294 τὸν
1064 1229 1226 1312 τράχηλον.

131 1328 300 1415 Sophoclea
316 1332 427 1418 Antig.
444 1350 535 1397 ιντο.

428 1470 472 1481 -
488 1436 521 1497 ἐν
535 1435 569 1496 δὲ
583 1433 708 1517 λοισθίῳ
722 1434 904 1513 τυμβεύματι

300 1535 354 1614 τὴν
365 1537 422 1614 μὲν
437 1535 604 1616 κρεμαστὴν
619 1533 747 1617 αὐχένος
763 1536 935 1613 κατείδομεν

301 1639 405 1722 βρόχῳ
419 1639 537 1717 μιτώδει
551 1638 688 1705 σινδόνος
703 1636 903 1717 καθημμένην.

131 1739 298 1802 STANL.
322 1739 555 1818 ἆταλλάξασθαι
569 1737 646 1802 Ald.

172 1844 246 1921 466.
272 1841 454 1928 μακιστῆρα]
479 1845 574 1924 λόγον
599 1844 718 1924 καρδίας
740 1841 875 1922 δηκτικὸν
896 1840 1119 1927 interpretatur
1141 1841 1229 1903 acho-

128 1943 233 2006 liasta:
268 1943 322 2028 qui
349 1965 412 2007 non
435 1944 618 2031 intelligitur
640 1944 799 2031 quomodo
821 1945 965 2027 μακιοιηρ
992 1943 1053 2008 dici
1080 1942 1228 2030 potuerit,

129 2044 215 2128 quod
244 2045 374 2131 loagmm
404 2069 575 2110 sermonem
605 2046 778 2134 significare
805 2071 844 2111 ex
876 2049 963 2111 Pera.
994 2046 1067 2132 698.
1099 2058 1227 2110 constat.

131 2148 232 2211 Recte
248 2148 404 2212 Stanleius
417 2154 609 2230 μαστικτῆρα.

173 2250 247 2330 468.
264 2250 326 2336 καὶ]
344 2252 389 2313 καί
405 2251 463 2330 μὴν
478 2252 528 2314 Μ.
545 2252 652 2317 Guell.
670 2251 747 2315 Ald.
763 2252 847 2315 Rob.
871 2252 919 2315 καί
931 2253 988 2332 μὲν
1004 2252 1076 2314 Par.

172 2353 248 2435 469.
265 2352 576 2438 κακῶν-ἐπέρχεται]
594 2353 658 2416 Ηίο
672 2375 778 2416 versus
792 2351 944 2416 delendus
960 2352 1084 2415 videtur
1100 2349 1226 2414 Bothio.

173 2469 247 2533 471.
272 2453 423 2532 έσβέβηκε
439 2456 543 2518 Turn.
560 2455 668 2541 Steph.
693 2455 821 2534 έσέβηκε
837 2453 915 2517 Ald.
939 2454 1073 2532 έσέβηκα
1087 2454 1137 2516 Μ.
1154 2452 1227 2514 Par.

131 2554 216 2618 Rob.
233 2554 316 2617 unde
332 2556 488 2635 ἐσβέβηκα
504 2556 687 2621 Schuetzius
701 2573 794 2620 recte.

174 2673 249 2740 474.
266 2659 412 2742 ὁμαίμοις]
431 2659 573 2739 ὁμαίμους
588 2657 698 2723 Guelf.
714 2658 792 2723 Ald.
809 2657 892 2721 Rob.

174 2761 249 2840 478.
266 2758 289 2821 δ’
306 2782 367 2823 om.
386 2759 469 2824 Rob.

172 2861 246 2939 480.
269 2861 308 2925 σὺ
323 2860 391 2946 μὲν]
408 2862 518 2926 Lectio
532 2878 687 2949 corrupta
711 2861 806 2946 στεῖχ’
823 2863 876 2926 οὖν
891 2859 940 2925 vel
957 2858 994 2924 ἰθ
1010 2860 1064 2924 οὖν
1080 2857 1230 2923 Schuetz-

129 2964 188 3025 ius.
247 2964 329 3026 Nam
353 2963 570 3050 imperativum
591 2965 726 3050 aliquem
749 2964 887 3051 postulat
908 2961 996 3049 quod
1018 2960 1161 3048 sequitur
1186 2985 1228 3038 τε,

129 3063 171 3126 ab
187 3064 324 3128 Stanleio
338 3065 369 3128 in
385 3092 421 3148 γε
436 3079 601 3129 mutatum.

173 3168 248 3245 482.
265 3167 391 3249 ἄλλους]
409 3167 512 3230 ἄλλων
527 3169 599 3230 Par.

173 3270 247 3352 483.
263 3266 357 3353 τῆσδ’]
372 3275 434 3335 τοῖς
448 3267 472 3331 δ’
489 3268 572 3332 Rob.

173 3373 248 3450 486.
277 3370 384 3454 οἶκτος]
412 3373 616 3457 Corruptum.
649 3369 726 3436 εἰκδς
755 3366 954 3454 interpolavit
980 3367 1084 3429 Turn.
1115 3364 1230 3447 οἰκτρὸς

131 3471 298 3536 Stanleius.

173 3595 246 3657 490.
270 3576 417 3638 Personae
442 3586 547 3637 notam
573 3596 636 3638 om.
662 3571 740 3636 Ald.
786 3570 893 3635 Choro
921 3569 1098 3634 tribuerunt
1124 3568 1229 3632 Turn.

132 3675 254 3762 Steph.,
270 3678 383 3740 Danao
397 3692 481 3740 recte
495 3677 580 3740 Rob.

173 3798 248 3861 491.
271 3778 427 3860 εὑρεθέντα
442 3781 613 3842 Porsonus.
637 3778 669 3840 εὖ
689 3776 798 3859 ῥέοντα
818 3774 898 3839 libri.
944 3772 1049 3837 Verba
1070 3785 1153 3836 recte
1174 3794 1229 3835 ex-

131 3879 241 3966 plicuit
262 3880 532 3958 Wordsworthus,
559 3881 616 3966 qui
640 3881 799 3967 benignae
824 3888 854 3942 et
878 3878 1056 3941 misericors
1081 3877 1231 3937 intentae

130 3994 187 4059 eat,
202 4005 291 4071 quem
306 3984 475 4069 bmzignum
490 3992 519 4047 et
533 3984 762 4046 misericordem
776 3982 898 4068 reperti
912 4000 1032 4043 aumas.

173 4087 318 4166 πρόξενον
344 4087 509 4150 Canterus.
546 4085 620 4167 πρὸς
648 4084 736 4164 ξένον
765 4083 845 4162 libri,
873 4081 930 4145 nisi
957 4080 1044 4167 quod
1069 4077 1232 4161 πρόςξενον

132 4188 236 4249 Turn.
251 4186 306 4271 qui
322 4187 407 4250 haud
422 4187 518 4251 dubie
532 4190 677 4269 πρόξενον
692 4185 802 4250 voluit.

173 4306 249 4370 494.
278 4289 390 4373 Inepte
415 4289 581 4374 repetitum
604 4290 827 4370 πολισσούχων,
851 4284 938 4371 quod
963 4284 995 4346 in
1021 4282 1125 4346 locum
1151 4279 1233 4343 aliua

130 4388 275 4474 adjectivi
297 4389 337 4452 ab
359 4387 485 4452 librario
507 4388 548 4452 ad
570 4388 759 4474 superiorem
776 4409 900 4451 versum
922 4387 1089 4448 aberrante
1110 4380 1232 4444 illatum

131 4490 298 4554 videbatur
321 4489 462 4553 Butlero.
507 4489 703 4554 Probabilior
726 4487 833 4553 Bothii
851 4487 1104 4573 conjecturam
1125 4502 1233 4546 versus

631 4606 727 4671 4112
