2984 5054
442 353 510 416 AD
532 341 933 418 AGAMEMNONEM.
1177 347 1242 412 413

142 516 214 582 vid.
232 517 459 604 Wyttenbaoh.
474 518 514 582 ad
531 517 655 583 Platon.
672 518 781 584 Phoed.
797 542 829 605 p.
845 535 915 601 170.
939 517 1114 582 BLOMF.
1144 520 1241 599 σφόγ-

144 644 198 700 γος
213 618 356 683 Bothius.

190 741 282 807 1331.
306 722 483 807 ἀκόρεστον]
499 724 602 807 Crejue
620 723 710 787 nulla
724 724 923 789 aitsanctus.
968 720 1125 784 Herodot.
1142 734 1173 803 7,
1188 740 1242 805 49.

143 823 317 887 aStanleio
328 823 517 898 advoaatus3
542 826 697 905 εὐπρηξίης
711 827 769 906 γὰρ
783 825 835 888 οὐκ
854 823 919 887 ἐστι
938 824 1104 904 ἆνθρόποις
1123 822 1242 902 οὐδεμίη

144 927 293 1007 πληθόρη.
317 926 370 990 ubi
394 926 458 990 vid.
481 924 670 1011 Wesseling.
693 925 749 1011 qui
771 925 856 990 hunc
877 924 979 989 locum
1004 947 1066 989 non
1092 922 1241 1010 neglexit.

147 1027 322 1091 BLOMF.

192 1147 286 1215 1332.
300 1136 457 1211 βροτοῖσιν
472 1129 630 1194 Pauwius.
652 1135 774 1210 βροτοῖς
788 1128 869 1192 libri.

190 1232 443 1316 δακτνλόδεικτον]
466 1232 601 1295 Lucian.
626 1233 731 1293 Somn.
751 1251 801 1294 11.
823 1230 943 1295 τοιοῦτό
965 1256 1015 1294 σοι
1035 1231 1185 1311 περιθήσω
1207 1233 1245 1295 τὸ

146 1334 346 1415 γνωρίσματα,
362 1335 442 1398 ὥστε
455 1339 514 1397 τῶν
528 1336 665 1414 ὁρῶνςων
674 1333 800 1399 ἕκαστος
812 1332 867 1396 τὸν
876 1335 1006 1413 πλησίον
1018 1332 1141 1412 κινήσας
1156 1335 1245 1412 δείξει

148 1461 185 1500 σε
207 1437 248 1520 τῷ
272 1437 416 1522 δακτύλῳ,
443 1440 580 1499 (ΥΠΟΣ
605 1439 796 1508 ΕΚΕΙΝΟΣ,
824 1433 935 1517 λέγων.
962 1435 1050 1499 Pers.
1068 1455 1097 1514 1,
1122 1435 1173 1499 28.
1202 1434 1247 1499 At

144 1538 293 1624 pulcram
307 1547 354 1601 ert
368 1539 472 1625 digito
486 1539 670 1614 πιατιςινανί,
685 1546 714 1601 et
729 1538 829 1600 dicier
843 1558 902 1601 inc
919 1558 994 1600 παπ.
1017 1560 1110 1623 quern
1129 1536 1245 1615 locum,

148 1654 181 1704 et
211 1639 420 1702 Horatianum
451 1641 488 1704 C.
513 1660 546 1719 4,
570 1659 603 1725 3,
630 1658 682 1705 22.
711 1638 846 1702 contulit
873 1637 1038 1702 Stanleius.
1069 1638 1246 1702 BLOMF.

150 1743 393 1805 ὃακτνλόδεικτον
415 1740 594 1805 Casauboni
615 1739 792 1804 emendatio
813 1754 870 1805 est.
897 1745 1145 1805 δακτυλοδεικτῶν
1166 1738 1248 1817 libri,

150 1841 237 1929 quod
252 1841 432 1906 Lubeckius
446 1841 637 1928 Paralipom.
659 1865 690 1927 p.
704 1859 779 1923 497.
801 1840 1024 1927 interpretatur
1046 1863 1174 1905 ιιιαιιιιπι
1195 1843 1248 1906 in-

150 1953 297 2009 tentans:
320 1944 375 2030 qui
390 1959 437 2008 est
450 1960 557 2030 gestus
570 1943 787 2008 abnuentium.

197 2066 291 2132 1334.
326 2045 425 2126 μηκέτ’
456 2047 585 2125 ἐσέλθῃς
614 2047 827 2110 Hermannus.
883 2045 1066 2132 Legebatur
1094 2045 1195 2126 μηκέτι
1223 2045 1247 2110 δ’

153 2151 308 2214 εἰσελθών.
353 2149 485 2212 Comma
499 2169 561 2211 non
577 2160 649 2234 post
662 2148 743 2226 τάδε,
759 2147 812 2212 sed
828 2164 898 2234 post
919 2149 1047 2234 ἐσέλθῃς
1067 2148 1247 2235 ponendum

151 2251 247 2314 fuisse
269 2249 390 2313 monuit
408 2249 566 2313 Dobraeus
587 2249 700 2313 collato
715 2250 858 2336 Choeph.
870 2269 945 2334 311.
969 2249 1111 2331 δράσαντι
1131 2257 1249 2327 ποθεῖν,

153 2352 296 2434 τριγέρων
312 2356 404 2431 μῦθος
424 2351 496 2416 τόδε
517 2358 620 2433 φωνεί
666 2354 816 2416 Ceterum
838 2351 1002 2437 respicitur
1024 2351 1072 2415 his
1086 2352 1189 2416 verbis
1210 2353 1251 2417 ad

154 2455 245 2518 bonae
276 2456 426 2517 Fortunae
458 2453 490 2516 in
521 2452 649 2516 domurn
680 2452 852 2538 ingressum
882 2452 1028 2516 omnibus
1056 2469 1251 2540 exoptatum,

154 2579 248 2643 quam
265 2560 446 2623 Πλούτωνος
466 2559 623 2621 ἐπείσοδον
637 2555 718 2620 dixit
741 2554 911 2643 Sophocles
929 2556 1042 2642 fragm.
1060 2574 1077 2618 2
1080 2573 1131 2641 59.
1176 2557 1253 2621 Alia

155 2681 186 2721 ν.
202 2681 253 2744 ap.
269 2658 408 2724 Lobeek.
423 2657 582 2743 Aglaoph.
597 2681 629 2743 p.
645 2677 736 2741 1239.

202 2779 294 2844 1340.
311 2762 388 2843 ἆγον
403 2760 498 2824 solius
514 2759 656 2824 Triclinii
674 2759 734 2823 fide
748 2759 878 2823 nititur:
902 2781 974 2822 narn
991 2758 1105 2845 iegitur
1118 2760 1150 2823 in
1166 2762 1209 2824 T.
1223 2775 1255 2826 et

158 2862 279 2948 steph..
294 2862 381 2926 abest
396 2885 471 2925 vero
491 2861 532 2926 ab
551 2861 602 2925 Fl.
621 2877 654 2926 et
667 2865 746 2925 Veu.
793 2862 909 2947 Itaque
930 2860 1081 2925 deleatur.
1106 2865 1259 2945 ἐπικρανεῖ

158 2963 310 3050 producta
325 2962 443 3050 syllaba
458 2962 631 3049 penultima
645 2961 764 3026 dictum
786 2978 843 3039 est,
860 2977 895 3026 ut
915 2970 1000 3044 φὶινῶ
1019 2963 1176 3028 interdum
1198 2990 1258 3054 pro

156 3071 242 3148 φόνῶ
256 3064 375 3129 dictum
396 3088 461 3128 esse
481 3080 612 3128 constat.
657 3066 703 3127 Et
725 3064 768 3128 sin
790 3063 830 3127 οῖ’
854 3067 1004 3146 ἐπικρᾱνεῖ
1024 3067 1161 3131 Eumen.
1181 3085 1257 3154 950.

158 3167 215 3232 nisi
246 3168 408 3248 ἐπικραίνει
437 3165 636 3231 scribendum
665 3189 736 3230 curn
768 3167 907 3232 Pauwio.
953 3169 1100 3231 Ceterum
1127 3168 1258 3232 fortasse

158 3269 375 3356 corrigendum
417 3271 633 3350 ἀντεπικρανεῖ.
679 3271 896 3350 ἁντεπικροίνει
936 3270 1067 3355 conjecit
1102 3270 1256 3333 Bamber·

157 3395 261 3459 gerus.

204 3493 295 3559 134¹·
318 3476 363 3541 τίς
384 3474 434 3559 ἂν]
457 3473 662 3538 Scribendum
678 3477 721 3541 τίς
736 3474 774 3537 ἂν
788 3474 842 3537 οὐκ
854 3496 926 3537 cum
944 3475 1090 3536 Cantero.
1134 3474 1260 3559 Nempe

158 3578 218 3640 hoa
238 3576 283 3640 ait
304 3576 427 3640 chorus.
472 3579 704 3674 Agammnmn
731 3576 855 3662 quidem
881 3575 929 3637 dii
956 3575 1110 3637 dederunt
1129 3576 1260 3636 Priami

158 3680 266 3743 urbem
288 3678 557 3765 nupera-Atqui
577 3679 602 3742 si
624 3678 777 3764 majorum
801 3676 914 3740 delicta
937 3677 1011 3753 luet,
1029 3677 1102 3762 quia
1125 3698 1189 3738 ποιι
1210 3679 1261 3739 iu·

159 3803 260 3845 τιοαιιιι
268 3783 412 3867 fortuna
427 3784 475 3844 uti
490 3783 680 3867 eruptum?
713 3779 803 3843 Ideni
820 3779 885 3842 fere
900 3778 1022 3841 dixerat
1035 3800 1151 3864 supra3
1183 3778 1217 3841 τό
1235 3776 1260 3841 δ’

160 3885 331 3964 ὑπερκόπως
347 3887 447 3948 κλόειν
462 3885 504 3960 εὖ,
519 3885 607 3964 βαρύ·
629 3882 781 3962 βάλλεται
795 3885 853 3964 γὰρ
868 3883 972 3947 ὄσσοις
986 3882 1098 3943 Διόθεν
1113 3882 1260 3962 κεραυνός.

162 3990 248 4070 κρίνω
260 3986 284 4053 δ’
300 3988 436 4068 ἄφθονον
449 3988 558 4064 ὄλβον,
573 3983 637 4064 μήτ’
655 3987 718 4063 εἴην
732 3984 940 4062 πτολιπόρθης.
964 3982 1137 4046 BLOMF.

208 4110 299 4177 1343.
323 4089 395 4173 ἔσω]
413 4086 634 4151 Miserabiliter
648 4086 742 4172 friget
761 4083 845 4148 istud
867 4086 937 4148 έσω.
960 4086 1112 4149 Auctoris
1134 4108 1260 4149 inanum

165 4191 357 4278 [reponendo
382 4191 457 4274 ἔχω]
484 4188 591 4252 videor
613 4186 688 4251 mihi
710 4184 890 4249 restituisse.
929 4186 1074 4273 Sophocl.
1096 4189 1147 4251 El.
1170 4203 1261 4272 1415.

162 4301 228 4359 ΚΛ.
245 4295 328 4375 ὦμοι,
343 4293 526 4374 πέπληγμαι.
551 4296 620 4355 ΗΛ.
640 4295 763 4368 παῖσον,
778 4291 805 4353 εἶ
819 4288 946 4362 σθένεις,
964 4294 1082 4369 διπλῆν.
1107 4294 1173 4353 ΚΛ.
1189 4290 1264 4370 ὦμοι

161 4395 231 4476 μόλ’
247 4397 339 4464 αὖθις.
363 4395 537 4460 BLOMF.
