2984 5054
537 358 605 421 AD
629 355 960 420 CHOEPHORAS.
1233 357 1298 426 485

197 530 314 612 ἐχθρῶν
336 531 465 609 κρείσσω
488 527 636 611 κατέχειν.
683 527 747 592 Sed
767 527 897 615 propior
916 540 963 591 eat
982 526 1072 590 Med.
1096 541 1168 613 759.
1187 522 1252 592 Ὧν
1273 526 1297 590 τ’

199 631 334 695 έπίνοιαν
349 631 486 697 σπεύδεις
501 629 634 713 κατέχων
649 629 807 711 Πρύξειας.
830 627 880 692 vel
903 628 963 715 leffi'
986 628 1095 716 possit,
1110 627 1252 711 Περσέως
1273 626 1298 690 τ’

199 734 233 798 έν
247 735 358 815 φρεσὶν
377 731 382 819 ]
402 739 487 796 σαῖσι
503 734 624 813 καρδίαν
639 731 789 815 σχέθων.”
810 732 986 796 BLOMF.

243 835 316 920 833.
332 840 393 902 τοῖς
408 834 433 899 θ’
452 837 492 899 R.
511 834 620 921 Steph.
642 841 703 902 τοῖς
718 833 742 898 τ’
759 836 861 899 Τιιτιι.
885 834 977 900 τοῖσδ’
995 838 1044 898 Μ.
1061 832 1169 898 Gueif.
1185 831 1262 897 Ald.

243 939 361 1017 φίλοισι
376 936 544 999 Porsonus.
569 937 705 1017 φίλοισιν
720 934 802 999 libri.

246 1039 319 1122 834.
341 1035 555 1122 προπριίσοων]
583 1036 741 1100 Heathius
761 1037 863 1114 vertit,
884 1059 945 1122 ρτο
958 1056 1065 1099 amore
1079 1057 1140 1122 quo
1157 1035 1214 1100 aba
1228 1056 1299 1099 οοπ-

189 1142 302 1229 juncti
316 1148 391 1203 κιαιί
406 1141 551 1203 tristibus
564 1160 673 1203 eornm
686 1140 747 1202 iria
758 1141 982 1226 morigeratur.
1009 1139 1080 1202 Non
1096 1136 1204 1225 probo.
1228 1140 1301 1201 Aut

200 1241 385 1308 vertendum
408 1243 478 1304 ι’νοο
499 1242 638 1327 ονρίοκικ,
654 1242 772 1328 gratia
787 1241 930 1325 (matria)
940 1241 1132 1327 ροιίίιαόίια,
1153 1238 1301 1320 πράσσων

201 1346 293 1427 ὀργᾶς
306 1342 364 1424 πρὸ
378 1342 508 1426 χάριτος,
524 1355 580 1406 aut
599 1341 780 1429 legendum,
797 1342 877 1406 sicut
896 1341 927 1405 in
944 1341 1051 1428 Bigot.
1065 1343 1188 1427 χάριτας
1209 1342 1301 1423 ὀργᾶς

201 1451 324 1529 λυπρᾶς,
341 1444 390 1509 vel
404 1450 525 1526 λυγρᾶς,
540 1445 626 1530 quod
642 1443 757 1509 malim.
781 1446 956 1510 BLOMF.

244 1549 317 1635 835.
342 1550 434 1629 ὀργὰς
455 1551 570 1629 λνπρᾶς
592 1549 696 1612 Turn.
713 1547 821 1634 Steph.
853 1550 943 1629 ὀργᾶς
962 1550 1075 1629 λνπρᾶς
1095 1545 1205 1612 Guelf.
1222 1543 1299 1612 Ald.

243 1754 379 1837 ἔνδοθεν]
396 1758 456 1820 τοῖς
471 1751 494 1816 δ’
512 1753 633 1817 ἔνδοθεν
649 1751 864 1818 Blomfieldus.

247 1856 319 1941 837.
335 1855 358 1920 δ’
375 1878 436 1920 οιῐι.
454 1857 558 1919 Turn.

245 1960 337 2040 μόρον
353 1959 457 2021 Turn.
475 1957 584 2044 Steph.
606 1958 700 2040 μόρον
714 1959 764 2021 Μ.
781 1956 890 2024 Guelf.
906 1956 983 2022 Ald.
1000 1957 1083 2021 Rob.

248 2061 320 2146 838.
335 2060 517 2146 ὑπάγγελος]
530 2059 578 2124 ὑπ’
594 2062 724 2142 ἄγγελος
738 2059 815 2125 Ald.
850 2060 1037 2147 Legendum
1053 2074 1132 2147 puto
1146 2055 1194 2124 ὑπ’
1209 2057 1300 2141 ἀγγέ-

203 2169 270 2239 λου,
293 2184 335 2227 sc.
358 2165 485 2242 κληθείς.
523 2161 668 2250 Sophocl.
691 2162 748 2249 Aj.
765 2164 836 2249 289.
860 2165 891 2227 τί
910 2161 988 2244 τήνδ’
1010 2164 1146 2241 ἄκλητος,
1170 2159 1231 2226 ούθ
1251 2159 1299 2225 ὑπ’

204 2265 345 2347 ἀγγέλων
367 2266 503 2346 Κληθεὶς,
525 2266 659 2348 έφορμᾷς
683 2271 799 2347 πεῖραν,
823 2267 892 2331 ούτε
912 2291 965 2330 τον
987 2267 1084 2329 κλύων
1106 2264 1299 2346 Σύλπιγγοςς

204 2368 354 2432 Trachin.
370 2388 443 2454 395.
465 2366 568 2448 Μίμν’,
592 2370 631 2435 ὥς
653 2366 695 2432 ὅδ’
711 2368 785 2449 ἀνὴρ
806 2367 859 2431 ούκ
880 2370 957 2448 ἐμῶν
975 2365 1023 2430 ύπ’
1044 2366 1193 2449 ἀγγέλων,
1212 2364 1299 2429 Ἀλλ’

204 2471 383 2552 αὐτόκλητος
397 2474 430 2535 ἐκ
445 2473 543 2550 δόμων
556 2471 721 2551 πορεύεται.
766 2470 848 2534 Haec
867 2468 934 2534 loca
948 2466 1080 2533 contulit
1094 2466 1299 2532 Abreschius.

205 2573 390 2659 Comparari
411 2573 504 2636 etiam
526 2584 628 2660 potest
644 2571 793 2659 Thucyd.
809 2574 840 2651 6,
857 2572 909 2656 87.
932 2572 984 2636 ούκ
1001 2572 1132 2651 ἅκλιγτοι,
1148 2576 1300 2651 παρακλη·

204 2673 306 2742 θέντες
320 2673 362 2739 δέ.
386 2675 440 2740 nbi
455 2674 518 2740 vid.
534 2674 689 2740 Abresnh.
713 2678 862 2740 Ceterum
877 2673 959 2738 idem
975 2673 1084 2739 histn'o
1098 2672 1153 2761 qui
1165 2673 1303 2737 Electra·

204 2791 308 2863 partes
330 2791 436 2864 egerat
459 2778 618 2865 usquead
640 2801 671 2843 v.
692 2780 764 2863 718.
786 2801 871 2843 nunc
893 2777 974 2842 redit
997 2778 1056 2842 sub
1072 2775 1213 2863 AEgisthi
1232 2796 1302 2862 per-

205 2903 299 2956 sona;
324 2882 427 2946 nescio
447 2905 486 2946 an
509 2881 600 2947 etiam
624 2881 765 2947 Nutricis
787 2882 931 2947 habitum
952 2879 1089 2946 induerit
1107 2879 1147 2944 ad
1173 2902 1203 2945 v.
1228 2892 1300 2964 734.

205 2983 277 3047 vide
291 2983 373 3049 infra
386 2985 426 3049 ad
443 2986 515 3068 878.
539 2985 713 3050 BLOMF.

249 3088 320 3168 840.
335 3087 495 3173 μολόντας]
510 3093 666 3168 μολῶντας
681 3087 788 3153 Guelf.
804 3087 879 3152 Ald.

250 3188 404 3274 ἐφίμερον]
420 3189 570 3272 ἐφήμερον
585 3191 687 3254 Τιιτῐι.

250 3292 323 3370 841.
340 3291 380 3374 δ’]
396 3289 423 3373 γ’
442 3289 596 3355 Stanleius
612 3305 700 3355 recte.

250 3394 409 3482 ἀμφέρειν]
427 3393 465 3458 ἂν
480 3395 584 3476 φέρειν
593 3396 698 3457 Turn.
722 3393 886 3476 ἀναφέρειν
896 3407 941 3457 est
956 3394 1077 3478 καίοντο
1089 3391 1133 3455 ad
1145 3392 1300 3478 aliquem

207 3513 243 3561 nt
264 3495 295 3559 in
319 3496 432 3583 Eurip.
448 3497 550 3561 Orant.
567 3499 620 3580 76.
644 3499 698 3564 Είς
719 3502 836 3576 Φοῖβον
858 3494 1052 3577 ἀναφέρουσα
1076 3494 1127 3572 τὴν
1146 3494 1301 3573 ἁμαρτίαν,

205 3600 261 3686 qui
278 3622 385 3664 sensus
400 3600 473 3664 huic
487 3600 557 3664 loco
569 3622 681 3687 parum
696 3597 859 3662 eonvenite
873 3596 1008 3662 videtur.
1052 3597 1172 3660 Forsan
1194 3595 1301 3680 legen·

204 3702 280 3766 dum
299 3701 346 3765 καὶ
356 3699 416 3766 τύδ’
432 3702 469 3767 αὖ
482 3701 595 3784 φέρειν.
643 3701 814 3779 Sententia,
832 3715 867 3764 ut
881 3698 1017 3778 videtur,
1035 3698 1101 3762 haec
1116 3712 1183 3771 θοις
1207 3706 1237 3760 et
1247 3697 1304 3761 ίιοο

204 3805 328 3891 quidem
342 3806 465 3890 afferre
478 3805 630 3883 domibus,
645 3826 729 3869 τιονα
742 3806 802 3868 erit
812 3804 977 3868 οαίαιιιίίαο
985 3810 1112 3866 cruenta
1123 3802 1153 3865 ei
1169 3798 1301 3887 (generi)

205 3906 288 3992 quod
298 3907 440 3993 ρπαίίτια
453 3907 535 3970 caede
547 3905 761 3972 ονιιίοοταίνπι
775 3916 830 3972 ert.
870 3903 1038 3970 Schutaius
1055 3926 1138 3982 vero,
1153 3900 1208 3990 qui
1230 3901 1303 3968 reti-

206 4025 260 4074 net
274 4011 513 4092 δειματοσταγὲς,
529 4008 614 4073 hunc
630 4009 662 4072 in
683 4009 810 4074 modum
829 4008 1069 4095 interpretatum
1093 4007 1151 4070 Εω
1171 4006 1227 4070 hoc
1249 4028 1304 4070 m-

206 4132 290 4175 more
301 4133 360 4199 per
372 4112 497 4176 ἀονινοι
511 4132 623 4195 sparso
636 4113 782 4176 existeret
794 4133 897 4175 τιονατ
910 4109 997 4175 dolor
1010 4112 1150 4175 timorem
1165 4110 1302 4189 atillam,

206 4215 352 4277 accedens
372 4215 416 4278 ad
430 4215 604 4300 ρτίνιίοαπι
628 4214 751 4291 cadem,
770 4224 921 4301 tanquam
942 4214 986 4277 ad
1007 4213 1124 4278 ναίοιμι
1144 4213 1304 4277 οννίοιτα·

207 4323 274 4378 ιντο
299 4325 328 4379 οι
353 4315 512 4380 ιίοὶοτίοιιι
537 4315 691 4380 mordent.
719 4315 887 4400 δεδηγμένοι
909 4315 1007 4381 active
1035 4314 1171 4401 positum
1201 4325 1303 4399 putat.

251 4521 324 4602 842.
340 4523 557 4603 αἱματοσταγὲς
572 4519 738 4586 Stanleiua.
760 4518 965 4601 δειματόοταγ’
978 4520 1010 4586 ές
1021 4518 1069 4583 Μ.
1092 4518 1228 4597 δείματος
1237 4512 1303 4597 τάγ’
