2984 5054
512 340 580 402 AD
603 335 897 403 EUMENlDES.
1188 341 1251 405 541

152 504 239 589 quod
256 521 413 571 oorrector
429 507 576 573 metricus
598 506 730 573 trimetri
750 505 885 571 faciendi
905 527 1015 570 caussa
1035 504 1167 585 adffldit,
1183 529 1252 571 ver-

152 606 262 695 bisque
283 611 351 692 περὶ
371 612 474 693 βρέτει
495 611 526 674 in
547 633 669 675 versum
692 609 882 696 proximum,
898 608 953 694 qui
975 607 1175 673 dochmiacus
1196 625 1252 688 est,

152 708 316 774 translatis.

194 815 262 895 περὶ
275 813 390 900 βρέτει]
409 815 587 896 περιβλέπει
603 817 646 878 Τ.

197 918 269 984 260.
284 919 422 985 ὑπόδικος
435 917 519 982 θέλει
533 917 676 1000 γενέσθαι
688 917 798 1002 χερῶν]
819 917 889 980 Vult
907 936 983 980 reas
1002 936 1068 979 csse
1088 935 1252 993 ηιοτιοιιοι,

152 1017 171 1080 i.
196 1041 226 1082 e.
248 1021 343 1084 caedir
364 1031 514 1106 peractae.
560 1020 710 1086 Solebam
731 1020 771 1084 ad
796 1019 922 1106 judices
944 1039 1114 1106 provocare
1139 1017 1252 1081 contu·

151 1119 272 1206 gientes
286 1121 420 1208 primum
436 1123 476 1186 ad
492 1137 610 1188 statuas
627 1123 770 1198 deorum,
785 1145 805 1185 a
826 1120 944 1208 quibus
964 1142 1028 1184 non
1050 1118 1254 1183 discedebant

152 1224 241 1311 prins
254 1248 349 1311 quam
368 1224 493 1312 cognita
509 1243 589 1290 esset
611 1249 713 1290 causa.
737 1224 879 1311 Hesyoh.
894 1221 1058 1290 Ὓπόδικος·
1080 1223 1254 1302 ὑπεύθυνος,

151 1329 304 1410 χρεώστης
326 1328 432 1412 ένοχος
454 1330 543 1409 δίκης.
572 1331 740 1394 STANL.
773 1334 871 1413 χερῶν
892 1327 924 1391 in
946 1333 1044 1411 χρεῶν
1066 1324 1252 1390 mutandum

152 1428 319 1494 videbatur
342 1430 508 1518 Scaligero,
531 1430 618 1518 quod
642 1430 861 1496 Wakefieldus
880 1432 921 1495 ab
945 1429 1110 1494 scholiasta
1136 1428 1253 1492 lectum

152 1554 217 1596 esse
231 1533 373 1620 conjecit,
388 1534 444 1619 qui
457 1533 630 1611 annotavit,
646 1532 711 1598 ἀνθ’
724 1536 765 1599 ὧν
779 1534 849 1614 ἡμῖν
859 1539 1009 1617 χρεοπεῖ
1020 1534 1159 1615 πρόσφοξ
1170 1531 1256 1597 θέλει

152 1633 296 1716 γενέσθω
320 1640 371 1715 τῆς
395 1642 474 1701 θεοῦ.
519 1639 663 1715 Quocum
688 1638 932 1726 comparandum
959 1635 1045 1723 quod
1075 1636 1254 1722 conjectura

152 1758 214 1800 non
247 1737 444 1825 improbabili
480 1738 569 1822 χρέος
600 1761 659 1826 ρτο
691 1740 780 1824 χερὸς
808 1738 945 1804 restituit
974 1737 1142 1803 Jacobsius
1170 1737 1258 1805 infra

151 1861 181 1903 v.
199 1839 272 1905 280.

197 1943 270 2026 263.
287 1941 321 2005 τὸ
336 1941 449 2026 διερὸν]
467 1942 527 2006 τόδ’
543 1944 624 2025 ἱερὸν
639 1943 749 2009 Guell.
765 1942 842 2008 Ald.
867 1944 901 2007 τὸ
916 1941 952 2008 δι’
969 1943 1050 2025 ἱερὸν
1065 1942 1149 2007 llob.
1172 1943 1207 2006 τὸ
1228 1941 1253 2009 t'

153 2044 235 2125 ἱερὸν
250 2047 294 2109 Τ.
312 2047 416 2110 Turn.

194 2145 290 2233 πέδῳ]
306 2146 397 2212 πέδον
414 2150 485 2212 Par.

195 2250 325 2331 χύμενον
342 2253 510 2315 Porsonus.
556 2253 737 2338 Legebatur
752 2252 926 2336 κεχυμένον.

197 2348 268 2411 266.
298 2353 418 2427 βοσκὰν
442 2350 602 2435 φεροίμαν]
629 2350 834 2415 scribendum
862 2352 1008 2432 φεροίμαν
1034 2355 1153 2431 βοσκὰν
1179 2374 1251 2415 cum

153 2449 345 2515 Wellauero.
406 2452 523 2515 Versus
554 2474 593 2514 ex
624 2451 770 2516 dochmio
798 2451 986 2538 duobusque
1017 2452 1137 2517 creticis
1166 2477 1251 2519 com-

152 2568 281 2638 posrtus.

194 2655 347 2741 πώματος]
362 2659 492 2736 πόματος
507 2656 616 2743 Steph.

196 2761 267 2841 267.
284 2758 374 2845 κάτω]
390 2760 438 2823 καὶ
453 2759 529 2823 κάτω
545 2759 628 2825 Rob.
676 2750 753 2823 Post
768 2758 844 2823 κάτω
859 2774 995 2846 ponatur
1009 2781 1141 2824 comma.

196 2862 269 2925 268.
285 2862 482 2948 ἆντιποίνοος]
498 2862 704 2927 Scribendum
721 2860 864 2926 ἀντίποιν’
881 2862 919 2930 ὧς
932 2884 1004 2926 oum
1022 2862 1200 2928 Sclruetzio.

194 2974 275 3051 τίνῃς
291 2973 399 3060 Steph.
422 2959 520 3059 τείνῇς
534 2973 585 3036 Μ.
613 2974 711 3057 τείνῃς
729 2971 812 3036 Rob.
837 2973 942 3039 τείνεις
958 2973 1032 3036 Par.
1049 2972 1157 3038 Guelf.
1173 2971 1250 3037 Ald.

151 3072 241 3141 rivas
256 3076 358 3138 Turn.

193 3177 394 3261 μητροφόνος]
411 3173 617 3240 scribendum
631 3178 821 3258 ματροφόνου
835 3198 906 3238 oum
925 3175 1120 3241 Casaubono.

196 3281 270 3364 269.
286 3282 319 3343 δέ
335 3283 380 3343 κεῖ
393 3304 436 3346 τις
451 3276 645 3342 Scbuetzius.
668 3275 693 3340 δ’
709 3278 773 3341 ἐκεῖ
785 3302 828 3342 τις
843 3275 924 3340 libri.

194 3379 303 3464 ἄλλον]
320 3377 524 3444 Scribendnm
541 3378 635 3443 ἄλλος
648 3400 720 3442 cum
738 3377 887 3440 Heathio.

193 3480 323 3564 βροτῶν]
338 3478 451 3559 βροτὸν
466 3479 569 3540 Turn.

196 3597 269 3662 270.
293 3597 365 3663 271.
393 3576 671 3664 ἢθεὸν-φθιους]
696 3580 778 3642 Haec
799 3577 830 3641 in
855 3600 952 3641 unum
975 3600 1099 3642 versum
1121 3579 1251 3665 conjun-

149 3680 262 3770 genda.
308 3683 385 3746 Post
403 3683 525 3759 ἆσεβῶν
539 3678 618 3743 duas
639 3678 788 3742 excidisse
810 3678 953 3765 syllabas,
968 3702 1040 3765 quae
1056 3678 1150 3743 iambi
1167 3702 1251 3743 men-

151 3807 255 3848 suram
271 3783 448 3861 habuerint,
462 3780 680 3846 animadvertit
695 3779 905 3846 Wellauerus.

195 3904 267 3972 271.
283 3885 350 3971 τιν’]
366 3886 397 3949 τί
408 3883 432 3948 τ’
448 3883 524 3948 Ald.
541 3885 647 3947 Turn.

196 4008 268 4071 274.
295 4005 366 4074 275.
397 3986 651 4070 ἔνερθε-φρενί]
679 3985 816 4051 Haecin
843 4007 940 4049 unum
968 4006 1093 4049 versum
1117 3986 1247 4072 conjun-

150 4091 264 4178 gendo.

196 4209 234 4274 27
236 4209 267 4277 5.
290 4191 633 4278 δελτογράφῳ-φρενί]
657 4192 780 4280 Saepius
799 4191 901 4255 utitur
916 4188 1088 4278 AEschylus
1102 4189 1161 4254 hac
1174 4190 1250 4254 ima·

149 4297 223 4380 gine
248 4293 405 4357 memoriae
434 4294 667 4358 similitudinem
697 4316 768 4358 cum
799 4291 1007 4380 pugillaribus
1032 4292 1249 4356 adumbrante.

151 4395 224 4459 Vid.
241 4396 402 4459 Prometh.
418 4420 446 4459 v.
463 4412 537 4481 795.
582 4397 628 4459 Et
650 4409 789 4459 nostrum
813 4396 898 4460 hunc
921 4395 1024 4459 locum
1047 4393 1203 4481 Euripidi.
1217 4393 1249 4457 in
