2984 5054
468 369 538 433 AD
560 367 893 432 CHOEPHORAS.
1168 365 1232 430 468

129 530 240 619 legisse
254 530 380 595 videtur
399 534 487 608 ὅπως,
503 533 559 620 qui
581 533 625 599 ita
645 532 763 611 scribit,
779 536 829 598 ῑνα
850 534 885 598 ιδ
906 535 1010 613 ὅμοιον
1031 533 1080 596 καὶ
1099 535 1169 597 ἴσον
1192 537 1229 619 τῷ

129 636 221 714 πατρί
231 657 289 712 μου
310 638 464 722 φυλαχθῇ.
501 636 546 700 Η.
564 635 743 722 Stephanus
756 635 882 723 conjicit
897 641 1017 700 τοκεῦσι
1038 632 1062 699 δ’
1085 634 1164 713 ὅμως
1184 659 1232 698 τε·

128 735 239 800 λεῖπε.”
260 734 436 799 BLOMF.

171 838 249 922 385.
264 837 340 921 386.
356 837 533 923 iterumque
553 838 630 922 387.
646 839 721 922 388.
736 839 812 924 389.
836 839 868 903 in
892 860 989 902 unum
1013 860 1136 903 versum
1159 861 1232 903 con-

124 938 282 1026 jungendi
297 938 477 1026 pariterque
490 939 521 1002 in
537 940 744 1025 antistropho.

173 1042 249 1127 385.
264 1040 431 1127 πευκιίενί]
446 1041 591 1122 πενκηεις,
607 1044 757 1109 Acerbus.
779 1045 930 1107 Amat-rra.
954 1041 1044 1105 Idem
1061 1041 1146 1127 quod
1161 1067 1231 1107 πευ-

131 1145 263 1217 κεδονίς,
278 1156 312 1208 et
328 1143 498 1228 ἑχεπευκής,
514 1168 648 1232 quarum
666 1168 776 1210 vocum
792 1144 929 1208 diversas
943 1142 1148 1231 etymologias
1169 1157 1230 1208 tra-

130 1245 180 1311 dit
192 1246 341 1312 Eustatli.
355 1245 397 1311 ad
413 1247 452 1311 ll.
469 1252 506 1312 Α.
521 1268 556 1332 p.
572 1266 624 1328 42.
637 1247 685 1311 vel
700 1248 776 1334 quia
789 1250 897 1326 πεύκης
911 1247 1001 1329 δάκρυ
1015 1268 1157 1313 amarum
1171 1260 1230 1324 est,

130 1370 197 1434 quo
210 1348 338 1436 sagittas
359 1348 508 1426 linebant,
528 1349 596 1430 (scd
612 1351 683 1437 quis
705 1350 764 1414 hoc
786 1349 915 1414 tradidit
925 1351 954 1431 Ρ)
971 1347 1019 1414 vel
1033 1348 1108 1435 quia
1121 1349 1231 1428 πεύκης

131 1449 224 1514 semel
237 1450 348 1515 exciam
359 1451 452 1538 stirps
467 1473 528 1515 non
544 1451 723 1539 repullulat,
734 1452 821 1539 quod
837 1466 939 1515 tamen
955 1452 995 1514 de
1008 1453 1088 1515 πίτυι
1100 1448 1231 1514 tradunt

130 1550 263 1640 physici,
279 1575 340 1617 uon
356 1552 396 1617 de
414 1555 516 1634 πεθκη.
562 1554 721 1641 Equidem
741 1553 926 1618 crediderim
948 1567 1038 1615 vetus
1059 1551 1155 1616 fuisse
1176 1575 1230 1615 no·

131 1675 201 1717 men
224 1657 341 1731 πευκθς,
355 1655 548 1735 cumulando,
561 1656 774 1743 cognationem
798 1655 956 1742 quandam
980 1676 1050 1718 cnm
1073 1654 1166 1731 πικός,
1182 1679 1230 1719 πι-

131 1756 209 1837 ιφθς,
226 1755 354 1834 habens,
371 1756 455 1821 unde
469 1756 562 1822 arbor
577 1757 660 1822 dicta
670 1773 717 1823 est
731 1759 831 1837 πεύκη.
870 1757 956 1820 Hinc
973 1754 1143 1839 ἐχεπευκής,
1158 1781 1229 1819 πευ-

131 1859 262 1931 κεδανίς,
285 1858 430 1939 πευκήεις,
453 1873 485 1923 et
508 1859 694 1941 πευκάλιμας.
743 1858 832 1923 lnfra
857 1862 930 1943 630.
956 1859 1041 1939 ξίφος
1061 1856 1229 1937 ὀξυπευκές,

131 1958 188 2023 ubi
202 1959 273 2024 vide
288 1974 415 2035 notatn;
440 1960 494 2024 sed
509 1964 611 2025 forsan
627 1961 659 2024 in
672 1962 730 2026 hoc
745 1960 813 2025 loco
826 1960 962 2041 πενκήεις
979 1958 1110 2045 intelligi
1132 1959 1231 2046 possit

130 2059 172 2124 de
186 2083 263 2148 rogo
275 2085 315 2125 ex
337 2063 435 2149 pineis
454 2063 545 2128 toedis
559 2064 709 2129 confecto.
748 2065 818 2129 vid.
837 2087 931 2150 supra
955 2064 1027 2130 268.
1050 2063 1224 2127 BLOMF.

131 2163 241 2227 Metro
254 2165 432 2250 postulante
446 2165 643 2231 scribendum
660 2165 809 2232 πυκόεντ’.

174 2266 247 2350 387.
260 2267 444 2353 θεινομένου]
460 2254 616 2349 θῖδομίνον
632 2271 681 2333 Μ.
704 2271 878 2351 θεινόμενον
893 2266 1001 2332 Guelf.
1017 2266 1095 2330 Ald.

173 2367 247 2451 388.
263 2368 443 2454 ὀλλυμένας]
459 2369 625 2450 ὀλλυμίνης
640 2371 724 2434 Βοδ.

173 2469 248 2554 389.
265 2470 329 2533 οἶον
345 2472 556 2536 Hermannus.
588 2476 669 2536 θεῖον
683 2471 764 2535 libri.
807 2469 979 2534 Scholiasta
993 2483 1097 2531 tamen
1112 2469 1230 2553 legerat

131 2577 224 2646 θεῖον,
239 2587 392 2658 quantum
408 2594 447 2636 ex
462 2572 717 2660 interpretatione
731 2573 799 2659 ejus
817 2570 961 2656 colligere
982 2569 1070 2635 licet:
1094 2571 1172 2649 ὅμως
1194 2569 1228 2632 ιδ

132 2675 310 2757 είμαρμίνον
322 2678 509 2756 περιίπταται
529 2675 652 2750 πάντας,
670 2676 718 2740 καὶ
733 2676 785 2739 οὐκ
801 2674 839 2739 δν
853 2674 1080 2753 ἐπιβουλευθείη
1101 2673 1182 2753 παρὰ
1195 2670 1230 2733 ςδ

130 2780 285 2859 μοιρίδιον.
310 2777 485 2843 BLOMF.

175 2899 249 2964 390.
265 2880 431 2944 Commota
445 2895 516 2967 post
530 2879 648 2966 πρῴρας
661 2897 693 2946 et
707 2898 778 2968 post
794 2883 912 2962 καρδίας
927 2878 1100 2942 deleantur.

175 3001 250 3067 391.
273 2982 371 3064 δριμὺς
392 2984 459 3063 ἦτοι
482 2986 650 3049 Porsonus
683 2987 783 3066 δριμὺς
806 2985 905 3067 (δριμὺ
928 2982 1020 3064 Ald.)
1044 2983 1130 3046 δκται
1153 2978 1229 3042 Ald.

132 3083 215 3149 Rob.
239 3087 369 3166 δριμείας
382 3089 415 3150 τὲ
431 3088 535 3151 Turn.
554 3088 665 3173 steph.

176 3205 251 3270 394.
269 3187 320 3250 καί
330 3185 395 3251 ποτ’
407 3186 460 3273 δν]
474 3188 632 3252 Hentlrius
643 3188 687 3252 ita
698 3189 803 3252 vertit:
820 3197 912 3274 atque
923 3184 1094 3272 aliquando
1105 3183 1231 3248 tandem

131 3288 263 3374 Ιυρίίιν
276 3291 432 3376 utrimque
447 3293 560 3377 vigens
575 3311 704 3354 manum
722 3292 768 3355 eia
788 3293 930 3365 intentet,
944 3288 1100 3374 capitibus
1121 3307 1230 3348 εοπιιιιι

132 3391 270 3477 diffiaaia.
317 3392 440 3457 Idcirco
462 3391 526 3457 scil.
542 3394 565 3456 J
567 3415 657 3456 ovem
672 3394 828 3474 ἀμφιθαλῆ
849 3389 909 3454 dici
928 3387 1093 3464 existimat,
1109 3385 1184 3471 quia
1199 3385 1230 3449 in

132 3508 293 3580 utrosque,
310 3494 495 3582 AEgisthum
512 3508 544 3560 et
565 3493 848 3581 Clytaemnestram,
865 3489 980 3554 vindex
1002 3502 1034 3551 et
1056 3486 1140 3550 ultor
1162 3507 1232 3571 spe-

131 3612 273 3671 raretum
297 3597 410 3678 κάρανα
436 3595 537 3676 δαΐξας
558 3614 663 3661 autem
685 3596 769 3670 addi,
793 3594 868 3682 quia
888 3596 1108 3679 Agamemnon
1130 3587 1232 3674 capite

132 3698 233 3762 securi
250 3697 366 3763 diffisso
381 3698 555 3764 trucidatus
576 3699 691 3775 fuerin
716 3697 845 3762 similem
867 3695 965 3782 igitur
987 3712 1113 3780 poenam
1135 3689 1231 3753 inter-

131 3800 303 3865 fectoribus
323 3801 471 3888 augurari
486 3804 658 3869 Electram.
704 3801 813 3867 Multo
826 3818 931 3866 autem
954 3795 1075 3862 facilius
1097 3791 1234 3857 decurrit

132 3903 284 3969 sententia
306 3904 349 3969 sic
371 3928 535 3991 expressa:
558 3908 700 3972 Etanna
719 3905 890 3994 aliquando
910 3909 1087 3990 praepotens
1102 3896 1233 3981 Jupiter

132 4027 262 4070 υιαηιιυι
277 4005 409 4092 injiciet,
424 4007 484 4072 deu
498 4008 568 4086 δαν,
583 4012 689 4096 cupita
704 4010 737 4072 h.
752 4033 778 4073 e.
801 4006 954 4082 dominos,
970 4002 1026 4090 qui
1046 4023 1131 4066 nunc
1145 4011 1232 4075 sunt,

132 4105 335 4190 ιἰιεανρθοὶεπς.
381 4106 481 4170 Recte
502 4106 584 4171 enim
608 4108 786 4173 scholiastes
808 4108 922 4191 κάρανα
944 4106 1167 4190 interpretatus
1186 4113 1233 4164 est

132 4209 170 4270 πδ
199 4212 250 4270 τοῦ
279 4210 360 4271 οίκου
389 4208 464 4289 ἄκρα
493 4229 517 4270 s.
542 4208 609 4275 τοὺς
633 4210 702 4292 περὶ
730 4213 888 4293 Αἴγισθον.
913 4208 1015 4273 SCH.
1055 4201 1234 4287 ἆμφιλαφῆς

132 4307 311 4373 Ahrensius
325 4331 359 4395 p.
374 4325 425 4391 17.

174 4431 249 4497 395.
273 4414 351 4477 Post
374 4411 467 4494 βάλοι
489 4434 622 4490 comma,
647 4427 718 4499 post
741 4412 842 4492 δαίξας
871 4411 995 4498 signum
1020 4402 1233 4491 interrogandi

133 4529 279 4600 ponatur.
