2984 5054
517 364 585 426 AD
609 364 878 427 SUPPLICES.
1184 360 1250 428 627

150 531 236 603 τίαυι,
257 551 327 617 quae
354 531 504 594 uiolenter
526 552 578 594 cor
601 551 705 593 meum
728 530 918 616 ιίὶκανιρααί,
940 529 1067 616 exponit
1092 529 1173 592 enim
1198 533 1251 593 τοῦ

151 632 248 713 γάμου
277 637 428 714 δαϊκτῆρος
457 635 508 711 τῆς
534 634 652 713 καρδίας
676 658 743 710 μου.
798 633 914 695 Verum
945 629 1094 716 implicita
1122 629 1190 693 haec
1219 645 1251 695 et

151 733 303 820 perplexa
323 733 512 798 constructio
535 733 699 797 verborurn
723 733 809 796 haud
835 733 947 820 placet.
978 734 1034 817 Βία
1060 735 1179 813 καρδίας
1203 744 1250 796 est

151 837 253 899 τ’τιυὶίο
267 836 384 912 anime,
402 850 435 899 ut
453 837 601 899 ἀεκόντων
620 833 752 916 λέκτρων
767 858 796 897 v.
812 856 864 915 40.
887 850 918 900 et
940 835 1064 918 δαΐκτωρ
1086 835 1181 917 γάμος
1205 849 1252 899 est

152 939 388 1001 matrimonium
405 939 437 1001 υἱ
452 937 557 1000 hostili
571 937 746 1000 obtrusum.
774 937 815 1000 cf.
833 960 865 1000 v.
881 939 932 1024 38.
949 961 1016 1024 sqq.
1042 940 1143 1003 scH.

196 1055 270 1122 799.
287 1039 420 1126 καρδίας]
439 1037 645 1102 Scribendum
663 1037 776 1119 κάρζας.
801 1040 839 1103 V.
855 1039 896 1103 ad
911 1063 940 1101 v.
957 1055 1009 1122 71.

195 1140 268 1204 800.
284 1140 381 1224 κυσὶν]
397 1141 497 1204 κύσειν
516 1141 562 1203 Μ.
579 1137 656 1202 Ald.
672 1154 703 1202 et
717 1138 817 1203 codex
833 1141 1019 1206 Robortelli.

200 1243 273 1305 801.
290 1241 426 1328 δεῖπνον]
442 1246 549 1305 δεῖπνα
564 1239 647 1304 Rob.
672 1242 795 1305 δείπναν
811 1242 860 1305 Μ.

200 1345 273 1407 802.
290 1342 510 1428 ἐλευθεροῦται]
528 1345 645 1428 Margo
661 1343 709 1406 M.
725 1344 791 1406 ἀντὶ
805 1349 857 1407 τοῦ
873 1345 1034 1425 ἐλευθεροῖ.

202 1445 274 1529 803.
290 1446 485 1530 φιλαιακτῶν]
501 1447 590 1528 φίλαι
606 1447 639 1508 ἐκ
653 1449 712 1507 τῶν
724 1445 831 1509 Guelf.
847 1444 923 1508 Ald.
936 1445 1020 1509 Rob.
1035 1447 1138 1510 Turn.
1154 1454 1255 1527 φιλαι-

157 1545 254 1609 άκτων
269 1545 408 1609 Lobeck.
424 1545 560 1631 Paralip.
577 1568 610 1632 p.
626 1561 702 1628 497.

202 1648 274 1729 804.
290 1647 402 1711 ἐλθέτω
418 1646 575 1711 Pauwiua
620 1645 658 1709 In
675 1645 761 1709 libris
775 1644 979 1732 duplicatum.

202 1750 274 1812 806.
291 1751 406 1813 Versus
419 1747 635 1834 interpolatus,
649 1747 681 1810 in
700 1770 764 1833 quo
787 1770 884 1810 unum
908 1763 1030 1812 tantum
1046 1748 1171 1813 videtur
1193 1770 1258 1812 esse

159 1852 345 1916 vocabulum
362 1851 567 1938 AEschyleum
584 1851 686 1931 πόρου.

153 1975 157 1984 ·
202 1950 272 2036 τίν’]
289 1954 371 2019 τίνας
387 1952 438 2014 Μ.

203 2055 277 2134 ἀμφ’
291 2055 380 2120 αὑτάς
396 2054 500 2135 (αὐτᾶς
516 2054 595 2139 Μ.)]
611 2057 678 2136 περὶ
694 2057 818 2134 έμαυτῆς
832 2055 967 2142 explicat
982 2056 1156 2121 scholiasta.
1185 2057 1258 2138 ἀμφ’

162 2156 250 2221 αὑτὰς
265 2154 342 2218 ΑΜ.
365 2153 417 2236 ἀφ’
435 2155 524 2222 αὐτὸς
542 2157 610 2238 (sic)
629 2156 712 2220 Rob.

205 2256 277 2337 807.
300 2255 396 2336 τέμνω
420 2258 471 2319 Μ.
496 2257 579 2320 Rob.
602 2257 695 2322 τέκνω
714 2256 791 2321 Ald.
815 2260 888 2338 εὕρω
912 2260 1015 2323 Turn.
1040 2259 1150 2346 Steph.
1173 2257 1261 2345 quod

161 2378 200 2419 ex
216 2355 414 2420 annotatione
432 2355 603 2421 scholiasta.
623 2373 763 2421 sumtum
778 2357 894 2442 estqui
909 2358 951 2421 ad
966 2359 1061 2423 verba
1076 2362 1124 2424 sol
1138 2359 1262 2440 λυτήρια

162 2457 325 2545 adscripsit
339 2459 437 2521 λείπει
452 2460 538 2538 εὕρω.

204 2563 315 2640 λυτῆρα
331 2558 527 2623 Schuetzius.
551 2562 599 2624 καὶ
613 2561 736 2643 λυτήρια
750 2560 831 2625 libri.

207 2663 280 2725 808.
294 2662 368 2745 ἴυζε]
385 2664 463 2738 ίυζεν
478 2663 527 2726 Μ.
550 2666 627 2739 ίΰζευ
642 2663 718 2727 Ald.

206 2765 344 2848 ὀρανίαν]
370 2765 510 2845 οὐρανίαν
526 2765 600 2828 Ald.
618 2767 721 2829 Turn.
745 2766 868 2847 οὐρανία
887 2767 938 2828 Μ.
962 2765 1085 2847 οὐράνια
1109 2764 1164 2848 (ad
1185 2763 1263 2844 μέλη

164 2866 312 2946 rolatum)
337 2866 419 2930 Rob.
445 2867 553 2954 Steph.
599 2868 737 2933 Restitui
763 2870 896 2950 ὀρανίαν,
920 2868 960 2931 de
984 2890 1048 2954 qua
1072 2867 1173 2931 forma
1197 2866 1264 2931 dixi

164 2967 203 3030 ad
221 2967 317 3053 soph.
336 2967 415 3030 (Ed.
432 2966 500 3030 Col.
517 2970 608 3049 1466.

209 3071 281 3151 809.
305 3070 353 3132 καὶ
375 3091 438 3132 om.
462 3071 566 3131 Turn.
587 3071 641 3156 qui
665 3071 775 3135 vitium
801 3070 897 3156 hujus
916 3092 1023 3132 versus
1046 3066 1265 3132 animadvertit

165 3170 306 3256 quidem,
322 3169 376 3232 sed
392 3190 454 3232 non
470 3170 599 3234 sanavit.

211 3274 285 3336 810.
299 3271 402 3357 τέλεα]
417 3271 520 3336 τέλεια
536 3273 620 3336 Rob.

210 3375 244 3439 δέ
264 3399 315 3454 μοι
335 3371 411 3458 πῶς]
436 3373 546 3437 Lectio
571 3373 692 3438 vitiosa.
721 3373 755 3438 δέ
779 3399 841 3440 πως
867 3371 1076 3436 Wellauerus.
1123 3371 1268 3436 Delenda

166 3475 377 3563 interpunctio
401 3489 473 3563 post
494 3481 555 3543 πῶς
580 3490 611 3540 et
636 3478 758 3554 λύσιμα,
781 3475 1026 3563 ponendumque
1051 3495 1172 3537 comma
1196 3490 1268 3561 post

168 3579 320 3660 πελόμενά
348 3604 407 3658 μοι.
470 3577 651 3655 Scholiasta,
676 3576 884 3642 έπιτελεστικά
913 3602 963 3656 μοι
992 3577 1040 3641 καί
1068 3577 1181 3656 λύσιμα
1209 3582 1268 3640 τῶν

169 3689 265 3747 κακῶν
280 3685 431 3764 γινόμενα.
447 3681 488 3744 ad
502 3703 575 3766 quae
591 3681 623 3744 in
644 3679 695 3743 ed.
713 3679 822 3767 Steph.
845 3677 972 3743 accessit
993 3677 1206 3765 interpretatio
1226 3677 1269 3742 ad

169 3807 292 3850 versum
309 3782 486 3871 proximum
502 3783 673 3861 referenda,
689 3784 800 3848 άλλως·
824 3780 890 3844 ἀντὶ
904 3785 957 3844 τοῦ
971 3781 1115 3864 ἀτάραχα.

214 3889 287 3952 811.
308 3888 421 3966 λύσιμα
442 3885 572 3973 μάχιμα]
594 3884 704 3949 Lectio
726 3882 843 3946 vitiosa.
867 3885 979 3962 λύσιμα
1000 3881 1098 3965 γάμου
1122 3885 1267 3966 (circum-

170 3992 254 4078 spice
267 3991 484 4053 liberationem
499 4010 520 4050 a
534 3989 670 4074 nuptiis)
686 3985 817 4072 conjecit
835 3985 1028 4050 Schuetzius.

216 4093 288 4157 812.
310 4094 398 4171 βίαια
418 4092 459 4170 μὴ
482 4093 532 4154 Μ.
560 4091 633 4155 Par.
658 4089 742 4153 Rob.
765 4091 821 4168 βία
842 4089 881 4168 μὴ
903 4088 980 4153 ΑΜ.
1002 4091 1076 4168 βίαν
1097 4089 1137 4168 μὴ
1161 4087 1269 4152 Guell.

172 4197 246 4276 βίαν
261 4199 288 4258 εί
302 4196 407 4259 Turn.
425 4194 533 4280 Steph.

216 4296 328 4381 φιλεῖς]
341 4296 452 4360 Lectio
466 4297 588 4360 soloeca.
611 4301 714 4377 φιλοΐς
727 4294 921 4358 Schuetzius.
938 4297 1039 4376 φίλαις
1051 4293 1274 4357 Lachmannus

198 4400 273 4466 ,νά

173 4424 195 4488 p
217 4500 308 4583 ὁρῶν]
325 4502 396 4582 ὁρᾶς
410 4498 489 4563 Ald.
512 4500 585 4578 ὁρᾶν
601 4498 703 4561 Turn.
721 4496 831 4582 Steph.

679 4618 772 4678 41ra
