2984 5054
498 394 567 458 Al)
589 392 990 460 AGAMEMNONEM.
1228 391 1294 460 367

191 560 335 649 proximo
355 582 432 625 vero
454 560 507 624 τὸν
533 558 557 625 δ’
579 558 819 643 ἔνι-Ἀτρείδαις
845 558 939 624 unius
959 557 1058 623 instar
1078 579 1186 623 versus
1207 572 1292 624 runt.

192 661 248 738 Ad
270 685 366 750 quam
390 682 531 728 normam
554 661 769 750 antistrophici
794 683 1054 750 quoqueversus
1078 659 1296 729 describantur

191 767 375 849 464-470·

235 887 309 953 449.
326 869 387 933 irai
402 869 616 933 Hermannus.
639 870 688 932 διὰ
700 866 782 932 libri.

236 989 311 1058 450.
326 973 475 1058 προδίκοις
491 972 532 1034 Τ.
556 973 741 1055 προδίκοισιν
757 969 868 1056 Steph.

236 1074 383 1155 πρόδικος,
395 1073 541 1137 Juntriae
555 1071 682 1135 vindex.
703 1070 875 1152 συνήγορος.
899 1069 1040 1156 Hesyoh.
1064 1070 1297 1138 Lacedaemonii

193 1175 238 1240 ita
252 1173 398 1240 dicebant
413 1180 472 1238 τῶν
486 1173 627 1255 άρφάνιον
641 1172 798 1253 βασιλέων
813 1174 996 1254 ἐπιτρόπους.
1018 1171 1083 1237 vid.
1097 1172 1138 1239 nd
1155 1175 1295 1263 Hesych.

194 1276 227 1340 in
241 1299 274 1341 v.
299 1276 477 1341 BLOMF.
933 1297 935 1301 ’

237 1395 280 1464 45
281 1396 312 1463 5.
325 1380 355 1442 oi
364 1371 581 1460 δ’-έκρυψεν]
589 1375 657 1439 Alii
668 1396 742 1440 vero
742 1376 885 1460 fornroci
892 1375 1024 1463 juvenes
1030 1377 1086 1462 (cf.
1095 1400 1123 1443 v.
1129 1383 1296 1468 445.sqq.)

195 1482 268 1546 ictio
281 1482 367 1545 circa
379 1481 497 1544 rnoenio
511 1477 661 1565 Pny'onae
675 1478 765 1543 urbis
778 1477 892 1542 loculos
906 1478 1055 1558 obtinent,
1067 1481 1298 1570 obtinentemque

196 1582 320 1647 hoctilic
334 1591 422 1646 terra
436 1582 526 1668 tegit.
550 1581 693 1663 εὔμορφοι
706 1579 747 1643 od
764 1578 918 1643 tristitiem
936 1579 980 1643 rei
995 1581 1173 1668 eugendum
1192 1583 1299 1671 adjici-

197 1699 260 1750 tur.
301 1686 396 1768 ἐχθρὰ
417 1681 482 1747 soil.
507 1686 556 1764 χᾶ,
581 1681 692 1745 eodem
718 1681 864 1756 consili03
896 1682 971 1769 quia
1000 1682 1086 1748 triste
1115 1699 1182 1749 erat
1209 1701 1301 1750 extra

198 1786 330 1873 patriam
353 1784 488 1874 sepeliri.
534 1783 692 1848 Nimirum
715 1784 783 1849 fieri
805 1807 868 1848 non
892 1800 1024 1870 poterat,
1048 1801 1084 1849 ut
1103 1786 1241 1850 omnium
1266 1789 1299 1853 in

199 1890 259 1954 hoo
272 1889 356 1954 bello
369 1887 591 1953 defunctorum
606 1910 676 1951 ossa
692 1886 725 1950 in
740 1886 873 1974 patrium
888 1886 1106 1969 mitterentur3
1129 1888 1162 1952 id
1184 1889 1298 1976 princi·

199 1991 291 2079 pibus
320 2005 442 2056 tantum
466 1989 551 2066 viris,
581 1989 631 2052 rel
656 2004 739 2053 certe
768 1989 960 2054 beatioribus
986 1988 1140 2065 dabatur3
1164 1991 1301 2079 reliquos

200 2118 306 2159 omnen
328 2093 413 2159 baud
436 2092 546 2181 procul
567 2092 608 2156 nb
627 2115 665 2156 eo
687 2091 765 2170 loco,
787 2091 841 2156 ubi
861 2108 1039 2180 pugnatum
1062 2108 1139 2173 erat,
1162 2095 1301 2181 sepultos

201 2211 407 2262 esseoonstat.
428 2195 469 2261 cf.
484 2218 514 2260 v.
529 2197 604 2280 506.
620 2194 746 2278 ἔχοντος
760 2193 825 2259 ocil.
841 2197 895 2263 ric
909 2199 1007 2275 θῆκας.
1032 2197 1134 2262 SCH.

245 2300 402 2383 εὔμορφοι]
421 2298 576 2380 εὐμόρφων
591 2297 633 2361 Τ·

245 2401 350 2487 ἐχθρὰ]
367 2403 483 2484 ἐχθρῶν
498 2401 540 2464 Τ.

244 2505 318 2587 458.
336 2502 537 2584 δημοκράντου
551 2503 721 2566 Porsonus.
753 2497 934 2581 δημοκράτου
955 2499 1037 2567 libri.
1071 2502 1303 2584 “inninpovroc

203 2609 271 2688 ἆρα,
285 2607 468 2693 imprecatio
481 2625 577 2691 quam
588 2604 726 2690 ροριιὶιιι
740 2602 952 2686 ratamsncn'i.
973 2603 1048 2667 τίνει
1062 2603 1152 2687 χρέος
1166 2605 1303 2669 debitunt

202 2707 306 2785 solvit,
321 2705 341 2769 i.
355 2729 383 2770 e.
398 2707 632 2792 Agamemnon,
648 2704 750 2791 inquit
765 2703 925 2769 Butlerur.
957 2705 1031 2791 Ego
1046 2704 1091 2770 sic
1104 2705 1302 2792 interpretor,

205 2811 303 2874 άοτῶν
326 2808 414 2891 φάτις
443 2808 501 2872 σὺν
526 2808 600 2893 κότιρ
626 2809 701 2872 τίνει
725 2807 815 2891 χρέος
839 2809 912 2889 άρᾶς
934 2809 1144 2892 δημοκράντου.
1178 2813 1305 2876 Rumor

201 2911 368 2998 poprdorin
381 2933 452 2974 cum
466 2909 690 2997 indignatione
700 2910 863 2996 idenfere
877 2911 960 2975 votet
973 2933 1011 2975 oc
1031 2912 1169 2978 solennis
1188 2915 1305 3001 impre-

204 3015 285 3078 catio
299 3013 340 3077 ab
353 3013 540 3097 nrbefccta.
581 3010 776 3099 Hujusmodi
788 3011 1035 3099 imprecationes,
1051 3012 1115 3079 sive
1128 3014 1169 3079 ad
1184 3015 1303 3080 bonum

127 3124 134 3141 ‘
205 3114 455 3180 eivendmnlum
472 3126 657 3201 spectarent,
671 3113 806 3179 multum
823 3113 926 3178 valere
939 3114 1144 3202 putabantur.
1182 3118 1306 3183 Aristo-

205 3217 263 3294 nis,
278 3216 359 3303 regis
375 3215 520 3303 Spartani
535 3215 629 3292 filiun,
643 3216 818 3298 Δημάρητος
832 3215 935 3280 dictus
947 3216 1019 3296 fuit,
1032 3218 1116 3303 quia,
1133 3221 1304 3285 secundum

207 3319 362 3384 Herodot.
379 3320 411 3399 6,
426 3320 478 3405 63.
493 3320 638 3398 πανδημεὶ
654 3322 833 3400 Σπαρτιῆται
847 3317 1016 3401 Ἀρίστωνι,
1033 3321 1071 3387 ὡς
1089 3322 1174 3403 ἀνδρὶ
1194 3322 1303 3387 εὐδοκι-

207 3421 309 3501 μέοντι
323 3424 372 3485 διὰ
384 3421 505 3485 πάντων
520 3421 555 3499 δὴ
569 3426 628 3484 τῶν
641 3421 799 3500 βασιλέοιν
811 3426 871 3483 τῶν
885 3422 919 3484 έν
937 3424 974 3508 τῇ
993 3421 1114 3508 Σπάρτη
1124 3424 1304 3504 γενομένων,

207 3522 281 3605 ipio
295 3523 476 3602 ἐποιήσαντο
490 3527 582 3587 παῖδα
594 3522 765 3603 γενέσθαι.”
787 3523 962 3586 BLOMF.

249 3628 326 3708 462.
339 3624 480 3710 άσκοποι]
495 3625 663 3689 ἆπάσκοποι
677 3624 727 3690 Fl.

251 3732 327 3814 463.
342 3726 366 3791 δ’
383 3727 434 3792 Fl.
456 3725 480 3791 δ’
496 3728 551 3791 οὖν
565 3726 671 3813 vulgo.

249 3828 383 3912 Ἐρινύες
397 3827 611 3893 Blomfieidue.
632 3827 785 3910 Ἐριννάες
798 3828 879 3894 libri.

250 3933 324 4013 464
354 3937 535 4014 παλιντυχεῖ
559 3929 707 4018 Scaliger.
738 3934 906 4015 πολιντυχῆ
932 3930 1038 4017 vulgo.
1072 3935 1238 4015 πολιντυχῇ
1264 3932 1307 3997 Τ.

208 4058 279 4100 cum
294 4034 338 4122 gl.
354 4037 477 4100 έναντίο
490 4040 640 4119 δυσηνχεΐ.

250 4141 325 4221 467.
340 4136 375 4200 τὸ
390 4135 414 4202 δ’
431 4137 803 4220 ὑπερκότως-κεραυνός]
821 4137 926 4200 Grave
935 4145 1040 4201 notem
1050 4146 1097 4202 eet
1106 4160 1176 4202 cnm
1187 4161 1310 4227 magno

210 4238 317 4324 populi
338 4240 466 4303 inridier
488 4241 638 4313 Ιαιιάαιὶς
647 4240 783 4326 fiilmen
804 4240 886 4303 eninr
904 4262 925 4302 α
938 4241 1019 4304 Jove
1032 4239 1186 4327 ejusmodi
1208 4240 1308 4305 homi·

211 4362 288 4405 num
312 4343 416 4407 conloc
434 4344 527 4426 serii.
551 4345 715 4425 ὑπερκότως
740 4341 912 4428 significare
938 4357 1040 4429 potest
1062 4342 1083 4408 i.
1098 4366 1130 4429 q.
1154 4345 1211 4408 oio
1235 4345 1309 4429 κότῳ

213 4464 244 4506 r.
266 4448 340 4525 464.
363 4442 471 4530 itaque
494 4444 533 4508 de
555 4444 704 4509 Pearsoni
729 4438 891 4519 sententia,
912 4444 969 4530 qui
987 4441 1108 4508 meruit
1127 4444 1308 4523 ὑπερκόπως,
