2984 5054
509 363 577 425 AD
600 361 897 428 EUMENIDES.
1187 363 1252 428 att

156 527 252 614 Legit
272 528 305 592 in
327 527 407 594 libro
428 551 486 596 suo
505 529 681 610 scholiasta,
697 531 752 617 qui
768 529 903 617 explicat
917 533 967 596 διὸ
980 530 1015 594 τὸ
1031 529 1101 595 νέον
1115 530 1187 610 σῐμο
1200 535 1254 598 τοῦ

156 630 205 711 (τὸ
221 631 439 713 Hermannus)
461 635 568 696 νεωστὶ
591 631 788 713 εἰργασμένον
804 630 1019 715 (εἰργασμένον
1034 631 1252 716 Hermannus)

154 729 201 795 ὑπ’
217 732 317 797 αὐτοῦ.
362 733 466 796 Verba
481 734 602 812 αἵματος
616 733 686 798 νέον
701 732 850 820 leguntur
863 754 892 797 v.
909 750 981 812 204

197 834 272 919 360.
301 833 513 918 σπενδόμενοι]
538 835 713 915 σπενδόμιοι
736 834 813 900 Ald.
844 832 930 898 unde
958 836 1122 915 σπεόδομαι
1147 835 1253 900 Turn.

158 934 268 1019 steph.
284 958 346 999 non
368 935 583 1000 animadversa
604 936 777 1024 typothetae
791 935 904 1000 Aldini
925 936 1151 1001 consuetudine
1169 939 1226 1023 qui
1245 962 1256 1002 ι

158 1037 325 1124 saepissime
346 1061 404 1125 pro
426 1065 460 1104 εν
481 1037 597 1125 posuit.
642 1038 849 1103 scribendum
871 1038 1061 1120 σπευδομένα
1081 1060 1153 1103 oum
1175 1040 1257 1102 Bur-

157 1139 252 1226 gesio.
289 1141 342 1205 De
356 1163 416 1206 usu
430 1140 540 1205 formoe
554 1139 666 1205 mediae
679 1140 798 1206 dictum
813 1140 854 1204 ad
869 1141 1070 1227 Agam.151.
1109 1139 1258 1205 Notanda

157 1257 262 1306 autem
284 1241 410 1307 liberior
430 1242 578 1308 orationis
598 1243 798 1320 constructio,
821 1243 862 1307 ab
887 1244 1073 1307 Hermanno
1094 1241 1257 1328 explicata.

158 1344 241 1408 Nam
270 1366 371 1430 quum
399 1343 567 1409 dicendum
596 1357 676 1409 esset
705 1343 1258 1426 σπενδομένα-μόλα-κακοφέρο,

159 1458 288 1532 propter
315 1445 529 1534 interpositam
560 1444 757 1532 parenthesin
788 1446 1117 1528 Ζεὺς-ῖσηξιόσακο
1146 1467 1258 1510 novam

161 1570 251 1613 orsus
272 1549 533 1613 constructionem
557 1547 640 1628 μόλα
662 1551 721 1630 γὰρ
746 1547 1017 1632 οὖν-καταφέρω
1036 1548 1130 1626 dixit,
1154 1546 1261 1612 relicta

162 1649 264 1736 priore
278 1651 518 1715 constructione.

205 1753 283 1836 τινα]
303 1752 508 1817 Scribendum
526 1753 587 1816 Δία
598 1771 670 1815 cum
687 1749 826 1816 Pauuio.

205 1856 281 1938 361.
295 1854 399 1941 τάσδε]
415 1860 507 1920 τᾶσδε
522 1854 571 1916 M.
587 1854 671 1918 Rob.

205 1959 279 2041 362.
304 1959 408 2038 ἐμοῖσι
432 1963 547 2022 λιταῖσι
571 1978 662 2020 sensu
685 1954 808 2043 passivo
831 1954 1045 2042 accipiendum
1070 1978 1136 2021 esse
1158 1967 1263 2020 monet

165 2060 380 2139 Hermannus‚
395 2058 455 2124 hoo
469 2081 580 2123 sensu:
602 2082 640 2123 eo
653 2057 741 2145 quod
756 2080 812 2121 nos
828 2058 1011 2123 invocamur
1025 2060 1101 2124 deos
1111 2057 1263 2146 puniendi

165 2180 295 2224 munere
315 2159 492 2225 liberamus.
538 2162 651 2249 Longe
669 2160 759 2226 aliter
773 2160 936 2226 scholiasta
950 2162 1017 2226 haec
1032 2162 1162 2250 accepit,
1178 2163 1263 2244 εὖχο-

165 2287 219 2339 μαι
243 2268 306 2329 τοῖς
330 2266 410 2329 θεοῖς
433 2260 557 2326 τελέσαι
578 2288 635 2341 μου
658 2260 693 2326 τὸ
715 2264 856 2342 βούλημα
882 2263 931 2326 καὶ
954 2265 995 2344 μὴ
1021 2267 1063 2332 εἰς
1090 2263 1190 2347 μάχην
1214 2286 1265 2341 μοι

167 2365 280 2427 ἐλθεῖν.

210 2464 285 2548 364.
307 2459 371 2543 μηδ’
389 2463 419 2530 ἐς
441 2463 578 2544 ἄγκρισιν
597 2462 711 2548 ἐλθεῖν]
727 2464 800 2527 Hoc
818 2486 879 2528 non
895 2463 936 2528 de
949 2462 1020 2541 diis,
1036 2463 1089 2527 sed
1105 2463 1146 2528 de
1161 2461 1267 2527 Furiis

166 2564 286 2628 dictum
301 2587 367 2628 esse
381 2563 543 2627 annotavit
559 2565 782 2629 Hermannus:
806 2588 885 2651 quas
906 2588 968 2629 non
988 2565 1109 2630 evocari
1129 2565 1169 2630 ad
1192 2563 1264 2629 ἀνά-

169 2692 275 2748 κρισιν,
292 2665 367 2754 quia
383 2667 458 2753 jure
479 2688 541 2730 non
563 2665 663 2732 dubio
684 2681 825 2732 utantur.
848 2668 1001 2751 ἀνάκρισις
1014 2681 1119 2732 autem
1134 2666 1212 2754 quid
1227 2666 1268 2729 sit

167 2767 198 2831 in
221 2768 290 2833 soro
312 2769 423 2834 Attico
443 2767 600 2855 explicant
624 2766 834 2856 Harpocratio
858 2769 974 2856 aliique
998 2767 1212 2857 grammatici:
1237 2789 1265 2827 v.

170 2869 282 2934 Meier.
298 2869 329 2933 in
345 2868 425 2934 libro
439 2869 480 2934 de
494 2870 547 2934 lite
563 2869 672 2935 Attica
686 2893 718 2958 p.
734 2872 809 2934 622.

213 2972 256 3056 ἐς]
272 2971 319 3037 ἐπ’
333 2971 410 3036 Ald.
426 2973 529 3036 Tum.
576 2971 780 3037 Scribendum
797 2976 840 3041 εἰς
852 2995 925 3037 cum
941 2973 1081 3039 Pauwio.

213 3076 351 3155 ἄγκρισιν
366 3072 456 3138 lectio
470 3071 511 3137 ab
533 3072 694 3158 Stephano
709 3089 888 3150 memorata,
902 3085 935 3137 et
950 3073 993 3138 sio
1008 3075 1060 3137 M.
1077 3075 1211 3157 ἔγκρισιν
1226 3074 1269 3137 Τ.

117 3249 126 3267 .-
173 3174 255 3238 Rob.
278 3175 413 3255 θκροισιν
427 3173 535 3238 Guelf.
551 3174 628 3238 Ald.
646 3175 749 3240 Turn.
771 3173 881 3261 Steph.
926 3175 1003 3238 Post
1025 3177 1128 3241 ἐλθεῖν
1146 3189 1179 3240 et
1199 3189 1269 3262 post

172 3273 361 3355 ἀπηξιώσατο
375 3274 464 3339 colon
479 3290 632 3361 ponatur:
656 3298 687 3340 v.
702 3277 741 3340 ad
757 3298 788 3338 v.
803 3278 879 3361 360.

215 3378 290 3462 365.
305 3378 381 3460 366.
400 3377 474 3442 Ζεὺς
487 3377 546 3457 γὰρ
560 3377 777 3458 αἱματοσταγές
791 3377 947 3456 ἀξιόμισον
962 3376 1048 3444 ἔθνος
1061 3379 1128 3442 τόδε
1142 3377 1270 3464 λέσχας]

175 3475 285 3540 Lectio
298 3475 385 3539 illato
398 3475 429 3538 in
451 3489 571 3539 textum
592 3475 776 3562 glossemate
795 3479 1012 3559 οἱμοτοσταγὶς
1032 3477 1213 3565 depravata,
1229 3479 1272 3544 siu

173 3580 204 3641 in
235 3578 390 3664 integrum
420 3576 623 3657 restituenda,
648 3579 723 3646 Ζεὺς
748 3581 807 3660 γαρ
832 3580 987 3658 ἀξιόμισον
1007 3583 1069 3646 πᾶν
1093 3581 1180 3648 ἔθνος
1205 3581 1272 3645 τόδε

174 3678 360 3762 λέσχας-.

218 3782 293 3864 366.
310 3780 407 3866 ἔθνος]
423 3778 606 3859 Scholiasta,
623 3781 656 3845 τὸ
671 3787 730 3847 τῶν
744 3781 872 3865 φονέων.
920 3783 1042 3848 Eodem
1058 3796 1178 3871 spectat
1191 3781 1273 3869 glos-

177 3906 260 3947 sema
275 3882 501 3965 οἱμονοστογές.

218 3986 402 4071 368-372.
427 3983 642 4070 μόλο-όταν]
666 3985 712 4049 Hi
734 4007 841 4050 versus
861 3986 893 4050 in
920 3986 1006 4053 libris
1030 3987 1180 4075 leguntur
1205 4002 1277 4075 post

177 4090 349 4169 ἐπιφθόνοις
363 4089 452 4155 ποδός
468 4112 496 4151 v.
511 4090 587 4173 376.
632 4089 844 4177 Transposuit
860 4090 1028 4156 Heathius.

220 4189 295 4274 368.
310 4190 364 4254 οὖν
377 4210 440 4253 om.
456 4191 539 4254 Rob.

222 4289 357 4372 ἁλομένα
372 4291 586 4358 Hermannus.
610 4293 751 4372 ἁλομένα
767 4292 851 4358 Rob.
877 4294 1034 4373 όλλομένα
1046 4293 1117 4359 libri
1132 4292 1253 4380 reliqui.

222 4394 297 4475 369.
312 4390 455 4474 ἄγκαθεν]
471 4392 680 4456 Scribeudum
694 4392 841 4458 ἀνέκαθεν
855 4414 928 4458 cum
945 4395 1140 4459 Hermanno.

224 4508 297 4577 371.
329 4491 482 4576 σφαλερὰ]
507 4492 715 4558 Scribendum
742 4497 882 4575 σφαλερὰ
905 4497 965 4577 γᾶρ
988 4516 1060 4560 oum
1084 4496 1279 4561 Hermanno.

688 4612 777 4678 μα
