2984 5054
247 339 315 405 526
610 341 990 407 ANNOTATIONES

245 511 361 593 χόντες,
378 508 527 572 accedant
540 507 660 582 ardiae,
676 511 732 595 qai
745 510 856 572 sortito
874 511 917 574 iia
936 510 1060 596 obtigit.
1106 509 1231 597 Nempe
1253 508 1284 573 id
1307 510 1352 575 ita

244 609 338 674 fiebat
358 606 456 694 (quod
479 606 688 692 Spanhemius
706 608 747 672 ad
764 607 946 672 Callimach.
962 608 994 671 in
1011 608 1119 695 Apoll.
1135 631 1163 671 v.
1179 624 1235 693 45.
1250 633 1347 696 expo-

244 711 332 794 suit),
356 717 378 748 “
395 723 430 773 ut
452 730 553 794 quum
574 708 647 773 olim
670 733 706 773 ac
728 709 783 773 diu
806 708 946 795 quidem,
968 723 1097 773 notante
1118 709 1152 772 id
1175 709 1348 774 Plutarcho

245 814 284 891 Q.
300 812 403 876 Graec.
419 832 451 896 p.
470 827 541 892 292.
556 809 650 873 semel
669 822 791 874 tantum
815 809 846 873 in
869 831 951 873 anno
973 821 1005 873 et
1026 823 1107 872 stata
1127 808 1263 894 quadam
1287 810 1349 888 die,

244 927 351 1000 postea
367 910 496 998 singulis
511 911 669 976 mensibus
683 911 787 977 liceret
799 910 989 999 Delphicum
1001 910 1161 975 oraculum
1178 912 1348 989 consulere,

245 1029 312 1080 tum
335 1014 523 1078 adventante
545 1012 607 1091 die,
629 1028 712 1078 sorte
733 1012 821 1077 electi
843 1036 861 1076 e
881 1012 1015 1100 Delphis
1036 1012 1184 1099 primates
1203 1013 1272 1092 viri,
1293 1015 1348 1098 qni

246 1114 381 1202 Tripodi
407 1113 563 1201 Delphico
589 1114 758 1194 adstarent,
783 1114 890 1200 ibique
915 1114 955 1179 ab
979 1113 1016 1178 iis
1039 1131 1136 1179 sortes
1156 1115 1348 1200 jacerentur,

244 1221 373 1305 quinam
400 1231 431 1280 et
456 1238 521 1302 quo
546 1215 655 1280 ordine
679 1239 719 1281 ex
746 1215 794 1294 iis,
820 1215 875 1303 qui
900 1215 1025 1279 nomina
1050 1229 1119 1279 tum
1143 1215 1278 1302 Delphis
1306 1217 1347 1280 ad

244 1318 468 1384 consulendum
485 1318 657 1395 oraculum,
671 1317 783 1383 oblatis
798 1318 886 1405 prius
900 1339 958 1404 pro
975 1339 1061 1381 more
1081 1317 1228 1397 donariis,
1242 1318 1348 1383 edide-

245 1436 326 1496 rant,
350 1436 452 1485 essent
473 1419 670 1484 admittendi.
717 1418 810 1499 Quod
835 1419 951 1484 factum
978 1418 1106 1483 solemni
1127 1418 1181 1483 illa
1201 1419 1346 1499 formula,

245 1547 318 1612 quse
332 1547 351 1587 a
368 1521 528 1609 Simplicio
543 1520 677 1586 traditur
692 1521 746 1586 lib.
762 1541 791 1589 2.
808 1521 934 1609 Physic.
949 1545 981 1608 p.
998 1537 1049 1606 75.
1070 1535 1102 1585 et
1121 1545 1141 1585 a
1156 1521 1286 1586 Kiihnio
1305 1525 1346 1587 ad

246 1625 313 1691 AEl.
330 1626 367 1690 V.
381 1627 428 1689 H.
443 1646 476 1711 p.
494 1643 566 1708 245.
583 1623 705 1688 erudite
720 1623 944 1688 animadversa.
968 1629 1105 1707 Δελφοῖς
1125 1627 1157 1689 δὲ
1173 1625 1221 1688 καὶ
1235 1649 1344 1705 προκα-

247 1733 357 1812 τῆρχεν
379 1730 413 1792 ἓν
434 1733 498 1794 ταῖς
521 1725 712 1808 ἐρωτήσεσιν,
733 1723 757 1788 ῶ
777 1727 862 1809 Τύχη
888 1727 936 1791 καὶ
956 1728 1052 1805 Λοξία
1074 1728 1132 1792 τίνι
1154 1730 1345 1808 θεμιστεύεις.

244 1830 380 1916 Delphis
394 1830 488 1893 etiam
505 1829 647 1911 primam
665 1828 764 1891 locam
782 1829 941 1909 (Fortuna
959 1830 1087 1914 nempe)
1109 1830 1146 1892 ιἰι
1167 1833 1346 1915 interroga

245 1932 382 1995 tionibus
397 1932 519 1994 nascit:
540 1952 559 1993 ο
574 1930 721 1993 Fortuna
735 1937 766 1992 et
779 1929 889 2015 Apollo
903 1930 1030 1993 cainam
1050 1930 1220 2016 respondes
1238 1951 1263 1993 s.
1288 1951 1345 1993 υα-

245 2032 420 2096 ticinaris?
453 2029 520 2094 Ubi
542 2052 617 2093 vero
642 2052 708 2093 sors
733 2028 867 2106 exiisset,
890 2029 919 2094 ei
940 2030 991 2094 cui
1014 2029 1067 2093 illa
1090 2030 1255 2117 obtigerat,
1277 2046 1345 2096 tum

244 2131 355 2196 laxatis
370 2130 477 2218 templi
493 2131 613 2195 loribus
628 2146 659 2196 et
674 2145 808 2195 mactata
821 2131 909 2218 prius
923 2131 964 2196 ad
978 2153 1065 2197 aram
1080 2155 1150 2210 ove,
1166 2133 1293 2219 patebat
1312 2133 1344 2197 in

244 2233 391 2299 ssoellum
406 2232 545 2320 ejusdem
562 2232 638 2297 aedis
652 2232 785 2298 aditus.”
809 2235 909 2298 SCH.

288 2357 340 2422 33.
355 2338 536 2416 μαντεύομαι
550 2335 619 2421 γὰρ]
638 2336 793 2400 Carmina
808 2335 889 2400 enim
906 2359 929 2400 s.
941 2336 1085 2401 vaticinia
1099 2359 1136 2402 eo
1150 2336 1259 2401 ordine
1274 2360 1345 2424 pro-

244 2438 368 2514 nuntio,
379 2462 440 2526 qua
450 2440 526 2504 dens
541 2438 671 2526 Apollo,
685 2439 821 2504 sortibus
836 2438 950 2504 scilieet
964 2439 1131 2525 imperans,
1144 2462 1193 2502 me
1208 2437 1344 2504 duxerit.

246 2541 309 2605 His
328 2541 418 2605 dictis
434 2541 576 2628 Pythias,
591 2540 677 2628 quod
700 2556 783 2606 recte
802 2539 966 2605 admonuit
987 2538 1175 2617 scholiastes,
1191 2541 1344 2624 templum

243 2642 436 2729 ingreditur3
467 2665 620 2728 scenaque
642 2641 865 2729 aliquantisper
887 2639 1030 2718 vaouefit,
1053 2638 1152 2703 donec
1175 2638 1342 2703 Furiarum

242 2746 392 2832 adspectu
408 2744 557 2808 exterrita
571 2767 589 2806 e
605 2741 722 2829 templo
738 2740 853 2804 redeat.
878 2740 976 2803 SCH.

284 2850 339 2932 36.
363 2845 484 2929 σωκεῖν]
504 2849 599 2907 σωκῶ·
622 2844 725 2925 ἰσχύω,
744 2856 779 2905 ut
798 2838 1146 2927 Sophoal..Elect.119.
1168 2842 1262 2922 μούνη
1284 2846 1342 2927 γὰρ

243 2950 329 3032 ἄγειν
343 2948 396 3011 οὐκ
412 2948 455 3010 ἔτι
470 2950 555 3008 σωκῶ
570 2945 665 3023 λύπης
679 2943 857 3023 ἀντίρροπον
872 2941 973 3024 ἄχθος.
997 2942 1187 3006 WAKEF.

285 3048 447 3133 ἀκταίνειν]
464 3050 514 3111 De
529 3043 683 3110 vocabulo
701 3044 851 3107 ἀκταίνειν
865 3041 956 3106 docte
975 3042 1117 3130 disputat
1132 3045 1344 3112 Ruhnkeaius

241 3150 284 3217 ad
299 3149 415 3214 'rimaei
429 3149 488 3214 lex.
506 3147 586 3212 Plat.
603 3170 635 3233 p.
653 3165 703 3213 20.
721 3145 770 3209 ed.
788 3162 818 3211 α.
834 3144 929 3224 unde,
944 3168 1017 3231 quoe
1031 3145 1070 3209 ad
1087 3164 1226 3210 nostrum
1239 3149 1342 3214 locum

241 3252 371 3328 faciunt,
381 3248 606 3315 mutuabimur.
623 3247 765 3311 Primum
775 3245 1093 3335 affertexPhryniohi
1104 3254 1342 3333 Προποροσκευῇ

242 3357 407 3441 Σοφιστικῇ
420 3354 493 3417 MS.
508 3349 624 3436 (Βαλίε.
636 3347 759 3413 Aneod.
776 3371 807 3435 p.
821 3366 874 3434 23,
891 3350 938 3431 7.)
953 3347 1034 3413 hauc
1048 3350 1201 3436 glossam:
1225 3352 1342 3418 Ἀκται-

242 3462 336 3521 νῶσαι
347 3456 484 3536 σημαίνει
494 3456 550 3535 μὲν
560 3451 594 3517 ad
605 3454 728 3535 ὑψῶσαι
739 3451 787 3515 καὶ
802 3452 908 3532 ἒπᾶραι
920 3452 967 3515 καὶ
980 3454 1165 3534 μετεωρίσαι.
1187 3456 1298 3534 εἴρηται
1309 3457 1341 3519 δὲ

241 3558 367 3636 dabatis
383 3558 471 3635 dariis
485 3560 537 3619 τοῦ
552 3559 657 3638 φυτοῦ,
673 3552 726 3635 ἀφ’
742 3553 777 3617 οὗ
799 3556 836 3616 ra
851 3554 973 3617 ἆκόντια
991 3553 1139 3634 τέμνεται,
1156 3555 1204 3619 καὶ
1219 3557 1284 3620 ἐπεὶ
1304 3560 1342 3620 τὰ

241 3661 363 3724 ἀκόντια
377 3661 419 3725 είς
432 3659 512 3740 iilos
526 3659 639 3732 αίρεται
653 3653 811 3738 ἇφιίμενα,
827 3658 876 3718 διὸ
889 3659 976 3718 τοῦτο
991 3656 1040 3719 καὶ
1054 3657 1103 3720 ἐπὶ
1117 3657 1229 3724 παντὸς
1244 3660 1340 3739 ὑψου-

239 3761 331 3841 μίνον
354 3760 401 3823 καὶ
422 3763 573 3839 πηδῶντας
593 3754 657 3836 μεθ’
676 3758 767 3838 ὁρμῆς
788 3755 873 3835 ἐτίθη
895 3757 929 3821 τὸ
950 3755 1156 3823 Ἀκταινῶσαι.
1180 3761 1340 3841 Αἰσχύλος,

239 3863 293 3927 αύκ
315 3861 354 3925 ἔτ’
382 3862 519 3933 ἂκταίνω,
544 3857 621 3940 φησί
642 3859 825 3938 βαρυτόνως,
852 3857 917 3920 οἶον
942 3857 995 3921 οὐκ
1020 3856 1060 3921 ἔτ’
1085 3860 1193 3939 ὀρθοῦν
1215 3860 1341 3937 δύναμαι

241 3958 563 4048 ἐμαυτόν-Ειχιηοί.
583 3959 633 4021 Μ.
653 3979 685 4043 p.
703 3973 757 4041 54.
779 3955 935 4030 Ἀκταίνω,
960 3960 1008 4023 ἐπὶ
1030 3960 1137 4022 ίππων.
1160 3958 1338 4035 Ἀκταίνειν,

239 4063 273 4127 τὸ
295 4063 532 4143 μετεωρίζεσθαι,
556 4060 604 4124 καὶ
627 4060 813 4140 ἐπαίρεσθαι,
836 4060 885 4122 καὶ
906 4064 1041 4141 γαυριᾶν.
1087 4063 1177 4141 Παρὰ
1198 4060 1232 4123 τὸ
1254 4061 1339 4140 ηκτοι

240 4163 327 4230 daris
349 4163 397 4226 καὶ
418 4164 496 4243 ῥῆμα
517 4164 604 4234 θκτῶ,
629 4157 680 4242 ἇφ’
704 4160 738 4222 ού
762 4157 796 4222 τὸ
819 4161 946 4241 κουφίζω
968 4164 1049 4242 παρὰ
1069 4163 1224 4247 Αἰσχύλῳ,
1248 4162 1283 4241 ἐξ
1305 4166 1340 4228 ού

238 4265 395 4343 Ἀκταίνω,
412 4262 513 4350 (quod
528 4277 610 4326 reete
622 4258 834 4325 Rubakenius
849 4261 892 4324 sio
906 4262 1065 4327 emendat:
1085 4262 1136 4346 ἀφ’
1149 4266 1184 4329 οῦ
1194 4263 1339 4331 Ἀκταίου

238 4368 274 4432 τὸ
297 4366 432 4450 κουφίζω,
455 4366 536 4446 παρα
554 4362 713 4449 Αἰσχύλῳ)
738 4364 785 4429 καὶ
806 4362 965 4429 Ἀκταῖνον
985 4364 1076 4446 μένας
1096 4366 1132 4432 τὸ
1154 4367 1268 4450 ἆνύγον
1291 4368 1339 4433 καὶ

239 4470 404 4551 δυνάμενον
418 4470 572 4549 ἀνορθοῦν.
597 4466 697 4532 SCH.
