2984 5054
473 348 541 411 ΑΙ)
565 348 895 414 CHOEPHORAS.
1172 351 1238 420 489

177 525 251 598 775.
278 513 464 599 Suspectum
487 529 534 580 est
552 515 622 580 ἀλλ’
639 521 666 582 εί
682 516 765 600 (ἀλλ’
782 517 808 583 εἲ
823 519 935 601 Rau),
949 518 1035 606 quod
1058 541 1096 584 ex
1119 541 1236 606 praeee·

130 611 224 679 deute
239 612 309 680 ἀλλ’
324 615 344 695 ἦ
357 628 461 680 ortum
478 617 617 696 videtur,
632 620 717 706 quod
729 620 833 708 ipsum
848 620 899 687 hie
912 644 1039 709 quoque
1052 622 1235 688 restituebat

132 715 298 781 Stunleius.

172 820 334 904 τροπαίαν]
361 822 616 888 Οοτινοτςάοιιατη.
653 823 756 887 Schol.
782 825 980 907 μετατροπήν,
1001 840 1037 892 ut
1061 826 1093 889 in
1121 825 1235 912 Agam.

131 936 205 1004 213.
228 922 338 1003 φρενὸς
359 922 459 987 πνέων
481 929 618 1006 δυσσεβῆ
639 928 796 1007 τροπαίαν.
832 926 940 990 Theb.
957 943 1030 1012 703.
1050 926 1181 1008 λήματος
1202 928 1237 991 ἐν

130 1025 265 1108 τροπαία.
289 1046 330 1088 sc.
347 1026 432 1111 αὕρφ.
461 1027 577 1115 Eurip.
594 1028 646 1091 El.
663 1045 754 1114 1154.
770 1028 916 1110 Ἀμοιβαὶ
929 1036 1035 1095 κακῶν·
1057 1032 1237 1113 μετάτροποι

129 1121 285 1202 πνέουΙσιν
300 1128 385 1209 οὖροι
399 1130 506 1209 δόμων.
532 1132 642 1195 Vertas
657 1146 761 1195 autem
783 1129 853 1195 ἀλλ’
871 1134 908 1211 εί,
922 1133 978 1197 eod
991 1134 1079 1220 quid,
1094 1134 1124 1198 ti
1138 1135 1236 1219 Jupi-

129 1233 249 1290 tereto.
273 1228 448 1295 BLOMF.

175 1342 248 1415 779.
273 1333 311 1394 τὸ
334 1335 530 1417 πεπραγμένα
555 1333 634 1399 Ald.
666 1335 771 1398 Turn.
799 1340 836 1400 τδ
866 1337 1046 1418 πεπαλμένα
1075 1338 1161 1402 Rob.
1198 1341 1235 1402 τὰ

129 1432 327 1514 πεπλαγμίνα
342 1435 450 1500 Guelf.
472 1438 705 1517 τάπεσταλμένα
720 1436 830 1524 Steph.

174 1535 247 1618 780.
260 1535 482 1625 μέλει-μέλῃ]
498 1540 747 1624 μέλλει-μέλλῃ
760 1539 810 1602 M.
826 1538 936 1605 Guelf.
954 1539 1039 1603 Rob.

173 1637 570 1729 783-788=794-799·

172 1741 567 1830 789-793=827-830·

170 1841 566 1930 800-805-812-818.

170 1943 568 2034 819—826=831-837.

172 2046 247 2132 783.
270 2047 343 2130 784.
365 2063 395 2113 et
417 2050 631 2139 antistrophici
654 2067 728 2137 794.
745 2066 818 2139 795.
841 2051 873 2115 in
896 2073 995 2116 unum
1012 2075 1135 2118 versum
1158 2078 1230 2120 oon-

122 2146 308 2235 jungantur.

171 2251 243 2336 783.
266 2255 483 2342 παραιτουμένῃ
505 2283 556 2336 μοι
578 2257 682 2320 Turn.
707 2255 819 2343 Steph.
857 2254 1065 2337 παραιτούμεν’
1090 2257 1156 2336 ἐμοὶ
1177 2258 1228 2320 Μ.

127 2352 233 2418 Guelf.
251 2355 335 2421 Rob.
358 2356 530 2439 παραιτούμ’
547 2360 581 2422 ἐν
594 2358 645 2437 μοὶ
659 2355 736 2420 Atd.

168 2455 241 2540 785.
271 2457 388 2545 τυχεῖν]
421 2458 532 2523 Lectio
555 2458 674 2523 vitiosa.
708 2463 798 2540 σχεῖν
823 2455 964 2521 Federus
991 2458 1168 2522 Comment.
1194 2457 1227 2522 iu

53 2606 57 2614 ·
124 2559 349 2646 Auem-carm·
364 2560 458 2648 ep0d·
474 2584 505 2648 r·
521 2581 575 2647 39·

166 2687 216 2742 μοι
232 2663 335 2727 Turn.
353 2662 463 2750 Steph.
485 2690 542 2745 μου
557 2661 635 2726 Ald.
652 2662 735 2726 Rob.
758 2665 816 2741 μοῦ
831 2659 882 2722 Μ.
899 2657 1008 2724 Guelf.

166 2764 240 2846 786.
263 2767 300 2829 τδ
319 2766 485 2847 σάφροουν
508 2763 711 2847 εὖμαιομένοις
726 2762 832 2828 Guelf.
848 2761 926 2827 Ald.
957 2764 1225 2846 *τασωφροσυνευ-

122 2867 293 2948 μαιομένοις
308 2867 392 2932 Rob.
416 2872 454 2934 τδ
468 2870 625 2951 σώφροσιν
641 2868 673 2932 εὖ
687 2868 858 2948 μαιομένοις
870 2867 973 2930 Turn.
986 2879 1017 2930 et
1030 2866 1223 2932 recentiores.

122 2972 159 3033 τδ
173 2968 305 3050 σώφρον’
322 2971 354 3035 εὖ
369 2972 545 3035 Hermann.
570 2970 746 3034 BLOMF.
792 2970 876 3033 Cum
896 2967 981 3032 Rob.
998 2969 1150 3034 eonsentit
1172 2970 1221 3033 M.

123 3068 180 3134 nisi
195 3067 282 3156 quod
296 3073 333 3134 τὰ
346 3092 418 3133 cum
434 3083 563 3135 oocentu
579 3070 741 3156 seriptum.

164 3173 237 3255 787.
252 3171 433 3257 διαδικάσαι]
451 3177 618 3237 διοδικᾶσαι
632 3173 681 3235 Μ.
708 3155 845 3236 διαδυιῦίτΙ
867 3172 976 3237 Guelf.
1015 3172 1221 3238 Scribendum

121 3276 169 3338 διδ
190 3276 273 3341 δίκας
293 3296 364 3338 cum
389 3274 530 3353 Pouwio,
547 3271 635 3359 quod
656 3271 733 3358 legit
754 3272 927 3351 scholiasta,
946 3275 1002 3360 qui
1022 3275 1157 3361 explieat
1178 3282 1219 3341 δι·

121 3376 218 3455 natos,
234 3379 308 3441 κοτδ
322 3378 405 3456 δίκην
418 3373 437 3456 ἢ
453 3379 528 3440 κατὰ
541 3375 575 3439 τδ
591 3378 714 3439 δίκαιον.
739 3375 896 3439 Punctum
914 3391 985 3463 post
997 3377 1068 3445 ἔπος
1082 3378 1220 3465 positum

118 3476 270 3543 deleatur.

162 3581 238 3662 788.
261 3580 382 3654 ἔλακον,
400 3585 469 3645 Ζεῦ·
494 3579 534 3644 σὺ
548 3577 581 3643 δέ
596 3603 644 3642 νιν
659 3576 845 3666 φυλάσσοις]
870 3579 1077 3645 Scribendum
1096 3582 1217 3648 ἔλακον.

120 3680 143 3747 ὦ
159 3687 228 3762 Ζεῦ,
244 3683 283 3746 σά
298 3707 345 3746 νιν
360 3681 531 3763 φυλάσσοις
544 3702 616 3743 cum
632 3678 827 3744 Blomfieldo.

161 3783 343 3869 φυλάσσοις]
359 3782 530 3866 φυλάσσεις
545 3781 652 3846 Guelf.
668 3781 746 3845 ΑΜ.

161 3887 234 3970 789.
249 3899 281 3951 et
296 3902 369 3970 790.
381 3886 413 3949 in
429 3908 527 3949 unum
546 3907 669 3949 versum
685 3883 906 3972 conjungendi,
923 3886 972 3952 θὲς
992 3898 1097 3949 eutem
1112 3886 1216 3952 versui

120 4005 191 4072 791.
207 3987 400 4051 addendum.

161 4090 233 4176 789.
251 4089 266 4154 8
282 4088 309 4174 8]
325 4090 355 4154 έε
371 4091 402 4154 έε
417 4090 466 4154 Μ.
491 4093 505 4153 ἑ
521 4092 536 4154 ὲ
552 4089 661 4154 Guelf.
677 4087 756 4155 Ald.
782 4088 797 4154 8
813 4088 828 4154 8
844 4091 949 4154 Turn.
966 4087 1077 4176 Steph.
1110 4090 1213 4155 Inter-

111 4189 261 4274 jeotiones
275 4206 365 4254 extra
379 4207 512 4256 metrum
528 4191 648 4278 positae.

157 4293 247 4372 προδέ
264 4292 398 4375 δήχθρῶν
413 4295 464 4356 Μ.
480 4292 557 4357 Ald.
574 4296 616 4359 R.
640 4293 697 4375 πρὸ
712 4293 848 4377 δήχθρῶν
864 4292 970 4355 Tum.

156 4409 228 4478 790.
244 4399 303 4455 τῶν
319 4395 377 4457 ἔσω
392 4393 559 4476 μελάθρων,
575 4393 599 4459 ὦ
615 4392 689 4479 Ζεῦ]
707 4391 911 4459 scribendum
926 4393 980 4456 τδν
995 4393 1110 4456 ἔσωθεν
1119 4390 1212 4472 μελά-

113 4497 189 4574 θρων
205 4500 264 4558 Ζεῦ
278 4516 349 4557 cum
368 4493 506 4559 Seidlero
519 4494 559 4560 de
573 4518 652 4560 vere.
670 4495 795 4559 dochm.
811 4515 843 4580 p.
854 4494 930 4572 406.

633 4616 692 4679 30
