2984 5054
568 352 635 413 AD
660 351 930 415 SUPPLICES.
1238 353 1299 417 631

202 531 251 590 14.
267 534 298 597 p.
316 515 388 595 670.
406 514 557 595 καμφύντι
570 514 657 594 ἠΐονα
671 521 817 580 ποιοῦσαν
832 518 925 598 ἄκραν
939 516 957 595 ἣ
973 524 1108 582 καλεῖται
1124 520 1297 598 Σαρπηδών.

201 615 370 678 s'rANL.

243 716 315 799 870.
331 718 403 798 871.
420 735 450 781 et
464 717 678 804 antistrophici
695 719 767 783 880.
785 721 857 784 881.
873 719 1093 806 conjungendi.

242 816 316 897 871.
340 820 463 899 εὐρείαις
488 821 695 904 (εύρνχωρείας
717 844 756 884 ex
773 823 822 885 M.
838 822 981 902 affertur)
1001 822 1056 906 εἶν]
1079 823 1220 885 Metrurn
1244 821 1300 885 has

198 918 336 1004 postulat
351 920 484 1007 syllabas
499 955 521 986 o
534 956 556 986 υ
571 961 593 971 -
607 959 637 986 υ.

243 1021 315 1105 873.
331 1024 505 1109 ύπερύορεῖ]
523 1027 670 1112 ὑπερθορῇ
686 1024 766 1088 libri.

242 1125 316 1208 875.
333 1125 444 1211 ἀχέων]
461 1129 575 1210 ἆχαιῶν
590 1130 694 1191 Turn.

242 1227 345 1289 Verba
361 1227 408 1290 vel
423 1228 608 1313 interpolata
622 1228 669 1292 vel
685 1228 752 1292 loco
771 1227 872 1292 alieno
888 1228 974 1293 illata
992 1232 1086 1306 οίζύος
1108 1229 1190 1311 ὄνομ’
1207 1233 1296 1313 ἔχων,

197 1350 271 1414 quae
295 1353 471 1395 mensuram
495 1354 556 1396 non
580 1332 753 1410 iambicam,
775 1331 827 1395 sed
851 1332 1061 1398 dochmiacam
1086 1334 1210 1410 habent,
1233 1357 1296 1398 orn.

198 1431 282 1496 Rob.

241 1536 314 1618 877.
338 1537 356 1615 ἡ
378 1537 435 1618 πρὸ
457 1542 512 1620 γᾶς
525 1537 664 1621 ύλύσκοι]
678 1505 943 1620 ύπρογασυλᾶσκὲί
963 1538 1012 1600 Μ.
1034 1538 1298 1619 ύπρογασνλάσκει

196 1635 273 1700 Ald.
295 1640 561 1721 ύπρογασυλύσκοι
585 1638 668 1702 Rob.
693 1645 972 1720 ηπρογασνλασκεῖς
993 1639 1100 1702 Guelf.
1123 1641 1141 1718 ἡ
1162 1639 1219 1720 πρὸ
1241 1645 1297 1719 γᾶς

196 1740 322 1818 ἠλάσκει
344 1742 448 1805 Turn.
495 1740 677 1817 Scholiasta,
697 1742 739 1808 είς
760 1743 833 1822 ὑπὲρ
855 1747 914 1804 τῶν
933 1743 1101 1823 Αίγνπτίων
1121 1744 1295 1822 πρεσβεύοι.

197 1843 259 1919 Qui
285 1843 394 1929 legisse
419 1842 554 1920 videtur,
582 1847 642 1907 οίοῐ
666 1847 726 1908 οἰοῖ
750 1846 836 1927 (narn
861 1842 903 1907 sic
931 1843 1144 1923 scribendum)
1165 1844 1171 1930 Ι
1190 1845 1294 1924 λύμας·

197 1945 239 2010 εἷς
253 1947 285 2008 δὲ
300 1944 357 2026 πρὸ
371 1950 426 2027 γᾶς
440 1946 576 2009 ύλάσκοι.

240 2047 315 2128 878.
340 2052 539 2130 περιχριμπτὰ
562 2051 663 2112 Turn.
687 2063 718 2112 et
742 2047 850 2133 Steph.
877 2046 1085 2134 interpolatio
1108 2051 1296 2131 περιχαμπτᾶ

197 2148 245 2209 Μ.
264 2148 371 2211 Guelf.
388 2150 464 2213 Ald.
481 2151 565 2215 Rob.

240 2249 313 2331 879.
329 2249 376 2334 ὃς]
394 2251 440 2313 ύσ’
458 2252 600 2315 Bothius.

240 2352 313 2414 880.
329 2353 379 2436 σε]
399 2352 602 2416 Scribendum
620 2352 658 2415 o'.

238 2453 438 2535 ἀποτρέψειεν
452 2455 557 2518 ἄϊστον
573 2457 677 2519 Turn.
695 2454 804 2542 steph.
827 2453 993 2535 ἀποτρέψει
1016 2454 1155 2518 ἔναιστον
1173 2454 1295 2520 codices

196 2571 227 2617 et
242 2554 319 2618 Ald.
336 2555 420 2619 Rob.

240 2659 313 2722 882.
333 2659 560 2746 ἀμφίστροφον]
579 2661 780 2741 ἀντίστροφον
795 2659 875 2723 libri.
921 2658 1067 2723 Correxit
1082 2661 1241 2723 Porsonos
1255 2684 1294 2724 ex

195 2761 394 2825 annotatione
405 2762 588 2842 scholiasta,
597 2764 650 2843 τὴν
662 2766 694 2841 ἐξ
705 2761 882 2844 ἀμφοτέρων
897 2768 956 2825 τῶν
969 2767 1067 2844 μερῶν
1083 2762 1284 2842 ἑλισσομένην

195 2865 213 2926 ὅ
229 2867 311 2928 ἔστιν
326 2865 543 2948 ἆμφιέλισσαν.

239 2967 311 3051 883.
327 2969 417 3055 ὅσον]
434 2970 506 3049 ὅρον
520 2971 568 3031 Μ.
586 2970 658 3033 Par.
674 2967 752 3033 Ald.
769 2971 872 3032 Turn.

238 3071 294 3152 τις]
313 3093 341 3131 τι
357 3071 405 3132 Μ.
423 3072 497 3131 Par.
515 3069 593 3132 ΑΜ.
613 3070 696 3133 Rob.

240 3171 312 3247 884.
330 3170 364 3231 ού
379 3169 549 3253 δαμάζεται]
567 3169 773 3233 Scribendum
789 3170 891 3250 οὐδάμ’
906 3173 1004 3246 ἅζεται
1018 3194 1089 3234 corn
1107 3170 1245 3233 Pauwio.

239 3273 312 3354 885.
335 3272 367 3334 ol
383 3272 414 3333 ol
430 3270 540 3357 Steph.
564 3272 594 3334 οἶ
607 3272 639 3335 οἴ
652 3272 733 3336 Rob.
757 3272 786 3334 ol
800 3273 830 3335 ol
844 3271 920 3335 Ald.
938 3274 1039 3335 Turn.
1086 3271 1292 3335 Scribendom

195 3399 262 3436 οιοι.

236 3477 372 3556 βρότειος
394 3476 464 3554 ἄρος
485 3473 553 3558 ἄτα]
575 3480 721 3554 βροτιοσα
745 3499 871 3555 ροσαται
895 3476 943 3537 Μ.
973 3475 1144 3556 βροστίοσα
1168 3473 1294 3555 ροσύται

194 3574 269 3640 Ald.
292 3576 439 3656 βρετίοσα
452 3575 577 3656 ῥοσύται
588 3576 691 3639 Turn.
710 3578 875 3657 βρετίεσσα
889 3576 1014 3657 ῥοσάται
1029 3576 1137 3662 Steph.
1156 3575 1294 3657 βρέτειος

192 3678 266 3760 πρὸς
281 3679 352 3744 ᾰτας
368 3678 448 3740 Rob.
496 3677 630 3763 Propior
646 3701 719 3742 vero
733 3678 887 3764 scriptura
901 3676 1044 3741 restituta
1058 3700 1097 3741 ex
1113 3676 1293 3753 Eustathio‚

192 3779 232 3842 de
254 3801 319 3864 quo
342 3778 528 3841 Schuetzios
551 3786 574 3816 “
592 3778 737 3864 Strophae
756 3777 852 3863 hujus
868 3776 1075 3840 emendationi
1091 3773 1210 3862 proluit
1225 3775 1293 3836 Eu·

192 3881 324 3945 stathius
338 3879 392 3966 qni
408 3879 449 3943 ad
466 3883 563 3944 Hom.
579 3903 610 3965 p.
629 3899 722 3962 1422,
739 3901 785 3964 19.
798 3880 865 3944 haec
880 3879 1010 3956 notavit,
1025 3877 1102 3942 Ἀπὸ
1118 3880 1151 3942 δὲ
1165 3881 1217 3939 τοῦ
1233 3877 1293 3956 ἆρῶ

192 3986 240 4048 καὶ
255 3987 326 4065 ἄρος
338 3984 372 4046 τὸ
392 3985 504 4065 ὄφελος
522 3981 592 4063 παρ’
607 3984 751 4068 Αἰσχύλῳ
774 3984 808 4045 ἐν
828 3981 959 4046 Ἱκετίσι·
984 3982 1111 4061 Βρύτεος
1133 3980 1203 4061 ἄρος
1225 3980 1291 4042 ἄτα·

190 4087 255 4165 ἤτοι
270 4087 303 4148 τὸ
320 4082 352 4148 εὖ
366 4092 425 4148 τῶν
438 4090 557 4165 βροτῶν
571 4085 619 4147 καὶ
633 4085 667 4147 τὸ
682 4087 794 4166 ὄφελος
809 4085 864 4164 ἄτη
880 4085 973 4148 ἐστίν.
1020 4085 1059 4146 ln
1081 4082 1139 4146 hac
1162 4080 1292 4144 lectione

192 4202 294 4251 tamen
310 4185 528 4271 corrigendum
547 4198 592 4249 est
613 4189 748 4267 βρότεος,
766 4208 823 4272 pro
844 4208 910 4272 qno
931 4183 1108 4250 scholiastes
1129 4181 1292 4245 commode

191 4287 371 4374 suppeditat
385 4287 545 4372 antiquam
562 4304 592 4351 et
609 4288 776 4373 genuinam
800 4287 985 4374 scripturam
1009 4285 1133 4367 βρέτεος
1151 4285 1199 4345 vel
1222 4289 1292 4362 βρε-

191 4389 277 4454 τέων.
323 4390 398 4452 Jarn
428 4388 657 4475 pulcherrimos
684 4389 825 4452 enitescit
854 4412 984 4452 sensns:
1020 4386 1083 4462 hei,
1107 4383 1167 4460 hei,
1192 4396 1292 4469 pater,

191 4507 281 4556 touin
298 4489 376 4555 illud
392 4499 576 4553 statuarum
591 4488 733 4567 deorum,
750 4488 814 4554 scil.
828 4491 868 4554 ad
888 4513 967 4577 quas
986 4512 1036 4552 mc
1057 4487 1202 4551 accedere
1220 4484 1290 4570 jus-
