2984 5054
245 337 311 401 530
607 336 987 400 ANNOTATIONES

245 514 341 587 φησιν
358 502 552 589 Ἱππόβοτος)
574 507 615 573 εἰς
633 511 778 571 τοσοῦτον
796 509 947 589 τερατείας
967 507 1094 587 ἤλασεν,
1117 507 1195 569 ὥστε
1215 503 1351 584 Ἐρινύος

246 609 412 686 ἀναλαβὼν
427 611 529 690 σχῆμα
543 607 666 697 περιῄει,
682 608 782 690 λέγων
797 610 959 674 ἐπίσκοπος
974 609 1103 692 ἇφῖχθαι
1118 610 1150 686 ἐξ
1166 604 1273 670 Ἀιδοῦ
1291 611 1351 668 τῶν

246 708 507 791 ἁμαρτανομένων,
533 711 612 777 ὅπως
636 708 730 774 πάλιν
752 713 859 774 κατιὼν
880 715 972 774 ταῦτα
994 709 1183 793 ἀπαγγέλλοι
1205 714 1266 774 τοῖς
1288 710 1352 771 ἐκεῖ

246 813 395 890 δαίμοσιν.
418 809 456 889 ἦν
478 813 511 874 δὲ
533 811 610 896 αὐτῷ
632 812 651 890 ἡ
674 811 765 889 ἐσθὴς
786 814 867 892 αὕτη·
897 814 989 894 χιτδν
1011 813 1102 895 φαιὸς
1122 810 1261 893 ποδήρης,
1283 810 1350 889 περὶ

247 910 325 995 αὐτῷ
341 912 417 990 ζώνη
432 915 561 992 φοινικῆ·
583 919 672 979 πῖλος
692 914 865 994 Ἀρκαδικὸς
888 915 936 978 ἐπὶ
957 919 1008 994 τῆς
1027 917 1172 1005 κεφαλῆς,
1189 913 1268 994 έχων
1286 914 1351 975 ένν·

246 1011 390 1094 φασμένα
412 1014 450 1076 τδ
472 1014 584 1077 δώδεκα
605 1021 750 1097 στοιχεῖα,
767 1016 894 1096 ἐμβάται
909 1018 1050 1098 τραγικοὶ,
1066 1007 1174 1096 πώγων
1187 1012 1350 1095 ὑπερμεγέ-

246 1118 311 1192 θης,
325 1112 439 1194 ῥάβδος
454 1116 489 1177 έν
504 1116 539 1194 τῇ
553 1116 631 1198 χειρὶ
645 1118 773 1198 μειλίνη.
797 1117 963 1181 STANL.

289 1232 343 1301 57.
365 1216 400 1280 τδ
422 1219 698 1302 φῦλον-ὁμιλίας]
720 1217 846 1282 Stanlei.
868 1219 1111 1305 interpretatur:
1137 1218 1265 1281 Gentem
1288 1217 1349 1280 ltu·

235 1319 332 1403 juste
353 1320 525 1382 commercii
548 1340 704 1407 nusquam
726 1321 803 1384 ticli.
840 1323 888 1385 At
904 1322 1006 1401 ὁμιλία
1018 1320 1050 1383 h.
1066 1320 1087 1384 l.
1103 1335 1150 1384 est
1165 1319 1185 1382 i.
1200 1342 1231 1404 q.
1246 1321 1351 1398 ὅμιλος

247 1419 388 1506 adeoque
409 1430 521 1484 coetnm
544 1421 717 1507 significat;
747 1422 790 1486 sic
809 1439 901 1487 antea
915 1422 1083 1504 θαυμαστὸς
1096 1429 1243 1504 γυναικῶν
1257 1422 1351 1503 λόχος

247 1544 277 1588 v.
293 1524 347 1601 46.
392 1522 586 1587 Vertendum
608 1521 726 1610 igitur:
761 1524 931 1610 Nusquam
954 1525 1023 1587 vidi
1043 1523 1212 1586 mulierum
1231 1543 1350 1608 genus,

248 1646 380 1711 quocum
392 1624 476 1688 Ῐιιιπα
489 1634 602 1689 coetum
616 1646 799 1712 comparare
809 1646 942 1712 possem.
967 1626 1065 1688 SCH.

290 1727 344 1810 58.
360 1725 419 1790 οὐδ’
434 1727 499 1806 ἥτις
513 1727 565 1791 αἶα
577 1729 626 1792 Μ.
645 1728 730 1792 Rob.
746 1725 806 1792 οὐδ’
821 1729 869 1807 ἥτι
883 1733 956 1810 γαῖα
972 1728 1015 1790 Τ.
1030 1727 1066 1791 oti
1080 1727 1143 1805 δήτι
1157 1732 1229 1808 γαῖα
1245 1727 1351 1789 Turn.

252 1828 360 1915 Steph.
384 1827 444 1893 οὐδ’
461 1832 531 1895 εἴτις
545 1835 619 1910 γαῖα
633 1828 712 1893 Ald.

291 1947 344 2014 59.
361 1928 477 2013 δνατεὶ]
494 1929 700 1993 Scribendum
717 1932 811 1994 ἀνατί.

292 2029 502 2117 μεταστένειν]
517 2033 594 2111 μετὰ
609 2030 729 2095 στένειν
743 2032 847 2095 Turn.

293 2132 409 2215 πόνον]
429 2130 636 2196 Scribendum
650 2134 744 2197 πόνον
758 2154 830 2197 cum
846 2131 1000 2196 Arnaldo.

294 2235 346 2298 60.
362 2234 522 2297 τάντεῦθεν
536 2233 603 2318 ἤδη]
618 2236 760 2299 τδντεῢθε
773 2236 830 2314 μὶν
844 2234 897 2300 οδν
911 2234 953 2298 Τ.

294 2337 347 2402 62.
358 2335 411 2420 63.
429 2334 832 2425 ῖατρομάντις-καθόρσιος]
845 2337 930 2401 Bene
945 2336 1013 2401 haec
1027 2334 1252 2423 supplementis
1266 2333 1352 2397 illus·

252 2436 346 2502 travit
368 2436 554 2501 scholiastes.
601 2437 633 2503 Si
654 2461 704 2502 res
717 2438 870 2504 medicina
884 2454 966 2526 eget,
982 2438 1121 2503 modicus
1137 2454 1205 2510 est;
1230 2438 1254 2501 si
1274 2435 1353 2499 divi·

251 2538 387 2615 natione,
403 2560 537 2626 aruspex
553 2555 620 2612 est;
646 2539 670 2604 si
685 2540 875 2628 expiatione,
890 2556 935 2605 est
950 2540 987 2618 is,
1002 2541 1058 2628 qui
1074 2540 1206 2604 lustrare
1221 2554 1251 2602 et
1272 2562 1350 2624 pur·

251 2664 326 2728 gare
341 2640 451 2704 valeat.
474 2647 571 2705 τοῖσιν
591 2644 698 2711 ἄλλοις
720 2642 861 2724 δωμάτων
880 2642 1039 2723 καθάρσιος
1060 2655 1163 2727 potest
1184 2639 1348 2723 explicari:

251 2742 327 2807 alias
341 2765 467 2829 quoque
480 2743 565 2806 aedes
579 2744 661 2807 valet
675 2767 823 2831 purgare,
838 2758 957 2829 quanto
975 2741 1074 2829 magis
1094 2764 1165 2805 suas
1186 2740 1269 2803 aedes
1293 2741 1351 2804 hac

253 2843 421 2908 Furiarum
437 2858 469 2908 et
484 2844 602 2909 Orestis
617 2845 782 2932 praesentia
796 2843 1029 2908 contaminatas.
1075 2843 1126 2907 Sic
1145 2842 1237 2906 etiarn
1261 2844 1351 2907 scho-

252 2945 355 3010 liastes
369 2945 498 3032 accepit.
524 2948 624 3010 SCH.

295 3049 349 3132 65.
364 3050 466 3129 πρόσω
482 3048 519 3134 δ’]
534 3048 664 3129 πρόπιθ’
679 3045 897 3110 Wakefieldus
910 3047 1036 3110 frustra.

297 3153 347 3215 66.
363 3151 479 3236 πέπων]
493 3177 540 3234 γρ.
556 3150 677 3232 πρέπων
693 3150 743 3212 Μ.
760 3150 834 3212 Par.

297 3255 349 3335 67.
365 3252 652 3339 Interpunctionem
675 3264 745 3337 post
759 3252 840 3335 ὕπνῳ
857 3250 952 3339 vulgo
967 3252 1110 3339 positam,
1125 3277 1145 3318 a
1160 3255 1244 3320 Rob.
1262 3256 1352 3340 plane

253 3353 408 3432 omissam,
424 3369 492 3440 post
508 3358 579 3438 ὁρᾷς
594 3352 750 3417 transtulit
768 3353 914 3417 Bothius.

297 3459 349 3540 69.
379 3464 492 3540 γραῖαι,
523 3456 649 3520 παλαιαὶ
677 3456 794 3539 παῖδες]
825 3461 926 3538 γραῖαι
955 3479 993 3520 ex
1019 3456 1204 3542 glossemate
1231 3458 1351 3522 illatum

253 3557 356 3621 inutili
371 3580 483 3621 nomen
503 3555 624 3642 expulit
642 3555 860 3634 necessarium,
874 3558 961 3645 quod
984 3558 1118 3623 restituit
1133 3558 1355 3624 Valckenarius

253 3660 294 3723 ad
311 3659 433 3724 Callim.
449 3683 480 3746 p.
497 3677 567 3743 147.
591 3659 707 3726 Νυκτὸς
728 3661 854 3723 παλαιαὶ
876 3665 988 3739 ταιδες,
1004 3660 1123 3725 collatis
1139 3684 1169 3723 v.
1188 3679 1262 3746 322.
1279 3681 1352 3743 4¹9·

256 3762 435 3847 748.1036.

297 3861 449 3946 μίγνυται]
467 3862 571 3925 Verbo
591 3862 692 3926 utitur
713 3863 873 3949 ambiguo,
888 3862 974 3949 quod
994 3878 1025 3926 et
1045 3862 1084 3926 de
1105 3862 1170 3926 solo
1185 3863 1257 3925 vitae
1272 3883 1355 3925 oom-

254 3964 370 4029 mercio
384 3979 416 4028 et
429 3964 469 4028 de
483 3965 641 4028 connubio
655 3965 784 4052 intelligi
801 3981 911 4051 potest.

300 4067 351 4148 76.
365 4068 477 4145 βεβῶτ’
493 4066 680 4151 Stephanus.
703 4065 831 4146 βιβῶντ’
848 4065 938 4129 libri:
962 4063 1047 4151 quod
1068 4063 1189 4150 scripsit
1211 4064 1356 4130 librarius

255 4166 296 4231 de
309 4172 451 4246 βεβῶντα
465 4166 615 4253 cogitans.

300 4269 401 4333 δνατεὶ
424 4268 526 4331 Turn.
550 4286 580 4334 et
604 4269 714 4357 Steph.
737 4267 935 4354 interpolatio
955 4283 1011 4332 est.
1043 4268 1081 4332 δν
1103 4271 1160 4335 olel
1182 4272 1302 4336 codices
1324 4291 1355 4337 et

257 4370 331 4436 Ald.
349 4370 431 4434 Rob.
454 4370 492 4433 δν
506 4395 544 4434 cx
563 4373 622 4436 ἀνὰ
640 4385 822 4457 corruptum
843 4392 908 4433 esse
923 4369 1001 4435 vidit
1016 4372 1227 4438 Hernrannus.
1275 4375 1355 4438 Scri-

256 4473 393 4538 bendum
411 4473 507 4561 igitur
521 4476 567 4538 δν’
583 4472 639 4539 δεῖ.
