2984 5054
536 338 604 401 AD
627 335 894 401 SUPPLICES.
1199 337 1264 408 609

204 526 279 585 444.
295 509 366 586 ἄτης
380 533 416 589 γε
429 509 516 587 μείζω
532 508 580 570 καὶ
594 505 660 588 μέγ’
674 505 830 585 ἐμπλήσας
845 504 955 592 γόμον]
970 505 1085 568 Versus
1095 523 1263 593 corruptus

160 623 193 671 et
207 608 247 671 ab
262 608 320 673 hoc
335 610 403 672 looo
416 607 548 672 alienus.

203 712 274 788 ἄτης
297 712 400 774 Tum.
426 711 533 797 Steph.
581 709 787 779 scribendum
811 713 885 789 ἄτην
902 733 974 774 cum
991 712 1042 773 Μ.
1060 712 1131 775 Par.
1149 711 1259 776 Guelf.

162 811 239 875 Ald.
257 811 340 875 Rob.

203 939 239 994 γε
260 912 362 998 μείζω]
388 912 595 978 Scribendum
617 917 736 996 γεμίζο,
752 937 845 1000 quam
870 913 1057 1000 scripturam
1079 929 1262 979 memoravit

162 1016 350 1100 Stephanus.
372 1016 442 1095 ἄτης
456 1017 581 1096 γεμίζων
596 1015 627 1078 in
644 1015 723 1083 libro
743 1040 800 1080 suo
820 1015 928 1101 legisse
944 1015 1068 1080 videtur
1088 1016 1260 1096 scholiasta,

159 1117 216 1202 qui
239 1117 306 1180 haec
328 1116 370 1180 sic
392 1116 535 1203 explicat,
554 1121 607 1180 τοῦ
622 1118 695 1184 Διὸς
718 1120 922 1197 ἑμπιπλῶντος
941 1119 988 1181 καὶ
1008 1121 1177 1198 γεμίζοντος
1192 1120 1263 1199 ἄτης

160 1219 213 1282 τὸν
227 1219 325 1302 γάμον
341 1222 414 1300 (scr.
430 1220 525 1301 γόμον
539 1240 609 1282 cum
628 1217 792 1295 Stanleioi.

203 1323 298 1402 γόμον
329 1323 432 1385 Turn.
463 1318 572 1407 Steph.
618 1319 823 1384 Scribendum
854 1322 948 1400 γόμου
977 1342 1048 1384 cum
1076 1321 1126 1384 M.
1153 1320 1262 1386 Guelf.

160 1421 238 1484 Ald.
256 1422 340 1486 Rob.

201 1528 275 1606 446.
298 1532 427 1608 γλῶσσα
449 1525 633 1613 τοξεύσασα]
651 1523 833 1599 Scholiasta,
850 1524 916 1586 ἀντὶ
930 1529 983 1586 τοῦ
1005 1525 1148 1605 γλώσσης
1162 1523 1217 1604 τοξ
1248 1562 1260 1573 -

160 1625 265 1706 σᾶσης,
282 1628 300 1690 ὅ
315 1630 399 1691 ἐστιν
414 1629 564 1706 είποιίσης.

201 1746 277 1813 447.
295 1730 479 1814 θελκτήριος]
498 1731 681 1810 θελκτηρίοις
697 1728 748 1790 Μ.

201 1833 276 1912 448.
302 1834 430 1915 ἀλγεινὰ
451 1836 544 1910 θυμοῦ
571 1830 663 1911 κάρτα
685 1828 833 1909 κινητήρια
861 1828 1027 1910 (νικητήρια
1052 1829 1168 1912 R‹›b.)]
1197 1829 1261 1894 Hic

157 1955 285 2018 quoquc
307 1932 398 2018 plane
420 1932 538 1996 inutilis
554 1954 660 1994 versus
682 1945 737 2007 est,
754 1951 848 2014 quern
872 1945 908 1992 ut
931 1929 1169 1994 tolerabiliorem
1192 1931 1263 1994 red-

157 2033 245 2096 deret
261 2033 417 2097 Stanleius
431 2048 503 2097 ante
518 2056 640 2097 versum
657 2031 883 2119 praecedentem
899 2030 1041 2095 collocari
1058 2031 1165 2095 voluit.

200 2153 274 2214 449.
300 2134 491 2220 ἄπιος-ἄκη]
519 2135 571 2197 Ne
597 2143 701 2196 οτιίιηι
726 2135 1035 2218 consanguineorum
1058 2143 1116 2196 ανί
1140 2134 1259 2196 ciuium

156 2236 293 2319 sanguis
326 2237 519 2320 affirmatur,
549 2235 683 2297 multam
714 2235 893 2317 sacrificare
924 2242 1054 2319 oportet,
1086 2235 1259 2320 militatque

156 2338 264 2399 midtis
278 2337 342 2400 diis
356 2337 474 2400 hostiae
495 2336 610 2400 cadere
631 2334 675 2397 ad
695 2335 896 2397 azarteaaam
918 2336 1013 2397 iatam
1036 2335 1255 2400 calamitatem.

158 2437 324 2523 Sanguinis
346 2437 428 2502 enim
450 2435 540 2501 effusi
560 2435 646 2500 nulla
664 2451 711 2499 est
726 2434 886 2498 redemtio.
909 2436 1036 2514 ὅμαιμον
1051 2437 1123 2514 αἷμα
1143 2437 1255 2521 partim

155 2538 195 2603 ad
218 2539 334 2603 caedem
352 2539 487 2626 AEgypti
512 2537 645 2604 filiorum
669 2535 828 2622 sanguinis
850 2535 1075 2599 necessitudine
1096 2559 1169 2601 eum
1191 2539 1256 2602 Da·

155 2640 299 2704 naidihus
313 2642 561 2727 conjunctorum,
577 2639 689 2727 partim
713 2637 752 2701 ad
778 2636 892 2701 civium
908 2637 1102 2723 Argivorum
1125 2638 1255 2718 caedem,

155 2742 179 2805 si
195 2758 289 2807 totam
308 2743 387 2807 hanc
398 2765 520 2807 causam
533 2742 616 2806 ferro
631 2739 836 2805 dirimendam
852 2738 1038 2815 censuerint,
1055 2740 1254 2805 metuendam

155 2843 319 2928 pertinere,
346 2860 434 2930 putet
460 2867 488 2906 v.
513 2860 578 2927 474
600 2867 666 2930 sqq.
717 2844 864 2906 Ceterum
896 2838 1024 2926 propria
1051 2840 1255 2926 oppositionis

154 2946 234 3009 ratio
248 2946 315 3010 haec
330 2961 415 3010 erat:
451 2948 532 3033 Opes
550 2948 676 3010 σιαίοςα
696 2946 771 3008 aliia
792 2944 903 3030 opibus
923 2942 1074 3005 resarciri
1093 2953 1252 3028 possunt,-

155 3048 281 3110 verbum
311 3056 433 3125 temera,
462 3049 545 3133 qaod
576 3047 711 3110 alterum
736 3045 911 3130 effuderit,
938 3045 1098 3120 emmeram,
1128 3045 1254 3111 blandis

154 3148 256 3210 verbis
277 3149 394 3211 molliri
415 3156 445 3210 et
467 3149 594 3232 expiari
611 3157 737 3233 potcst,·
761 3156 796 3209 at
816 3147 989 3230 sanguinis
1003 3155 1208 3231 cogitatorum
1223 3157 1253 3211 et

152 3250 271 3312 civium
288 3251 383 3334 effari
401 3248 492 3311 ητιίία
509 3257 556 3311 eat
573 3250 745 3335 reparatio.
790 3244 943 3309 Ultimum
967 3244 1047 3308 hanc
1068 3246 1252 3311 sententiam

154 3372 206 3412 rex
238 3348 395 3436 eleganter
420 3347 598 3436 supprimit,
623 3348 754 3434 ejusque
783 3347 851 3411 loeo
876 3345 977 3409 statim
1009 3345 1040 3409 id
1068 3345 1155 3429 quod
1177 3345 1252 3410 inde

152 3450 285 3515 efficitur
303 3450 455 3528 enuntiat,
471 3472 582 3536 nempe
601 3449 684 3512 omni
707 3447 802 3511 modo
822 3446 994 3511 curandum
1012 3468 1088 3521 esse,
1105 3460 1140 3508 ut
1155 3445 1252 3531 hujus

153 3552 312 3638 sanguinis
337 3551 519 3616 effundendi
548 3550 709 3614 necessitas
730 3564 898 3614 avertatur.
945 3550 1092 3612 Ceterum
1116 3546 1156 3610 ad
1179 3569 1249 3611 san·

152 3656 278 3719 tentiam
295 3653 468 3718 simillimus
482 3667 527 3716 est
544 3652 629 3716 locus
643 3651 813 3715 Euurenid.
829 3673 857 3715 v.
874 3653 947 3734 645.
963 3673 1042 3735 sqq,
1058 3671 1151 3734 quem
1167 3671 1251 3714 eom·

150 3778 273 3842 parasse
288 3756 372 3819 haud
389 3754 563 3842 poenitebit.
587 3755 687 3817 SCH.

194 3858 331 3943 ὅμαιμον]
347 3860 516 3938 ὁμαιμόνων
531 3854 609 3919 Ald.
631 3856 765 3935 ὁμαίμου
781 3855 882 3918 Turn.

192 3981 266 4044 452.
289 3961 308 4040 ἣ
332 3959 364 4045 (ἢ
387 3959 464 4024 Ald.
488 3958 587 4040 Rob.)
612 3957 703 4036 κάρτα
728 3959 841 4024 νείκους
862 3955 939 4020 τοῦδ’
967 3959 1025 4039 ἐγὼ
1050 3957 1245 4040 παροίχομαι]

151 4062 323 4126 Scholiasta
343 4063 389 4125 καὶ
411 4065 497 4125 τοῦτο
520 4065 612 4124 ποιῶν
627 4059 710 4125 ἐκτὸς
731 4059 838 4138 ἔσομαι
851 4064 903 4122 τοῦ
919 4059 1032 4125 νείκους
1046 4064 1125 4126 θεοῖς
1138 4060 1248 4139 ὑπηρε-

149 4168 217 4225 τῶν.
256 4165 372 4227 Sensus
385 4178 448 4226 est:
474 4164 516 4225 In
533 4163 628 4246 huj-m
642 4162 846 4224 contentionis
861 4160 1029 4223 discrimen
1044 4159 1183 4245 equidem
1198 4179 1247 4221 mc

146 4285 278 4348 prorius
293 4265 362 4327 tiolo
375 4265 571 4327 committere.
603 4262 726 4347 Nempe
741 4267 836 4328 νεῖκος
851 4260 976 4347 respicit
991 4282 1022 4322 v.
1037 4279 1111 4343 439.
1128 4257 1246 4322 bellum

148 4378 204 4426 aut
219 4386 289 4426 curn
307 4363 375 4440 diis,
391 4363 416 4426 si
432 4363 592 4426 Danaides
611 4361 792 4447 neglexerit,
808 4378 863 4425 aut
882 4383 952 4424 cum
970 4359 1106 4445 AEgypti
1121 4358 1204 4437 filiis,
1220 4360 1245 4423 si

148 4464 216 4529 illas
238 4464 397 4552 receperit,
415 4463 645 4551 suscipiendum
666 4486 741 4527 esse.
765 4464 866 4526 SCH.
911 4462 993 4523 Cum
1016 4459 1245 4525 constructione

667 4585 690 4643 4
705 4584 728 4627 u
