2984 5054
466 367 535 432 AD
557 369 891 433 CHOEPHORAS.
1164 368 1232 438 469

128 566 204 614 σειε,
219 545 306 605 τοῦδε
320 539 379 624 χρὴ
391 542 505 618 κλύειν,
522 541 581 604 Καὶ
602 539 721 621 σμικρά,
738 541 788 604 καὶ
809 541 916 613 δίκαια,
930 538 982 602 καὶ
1002 538 1154 603 τάναντία.
1178 535 1233 601 ubi

129 642 311 708 Brunckias
336 641 468 706 advocat
495 644 655 720 Senecam,
681 642 826 729 AEqaum
850 650 944 728 ctqacc
969 642 1114 727 iniquum
1144 640 1233 728 regia

129 746 413 832 imperiumferaa.
437 745 612 808 BLOMF.

178 864 231 932 79.
248 846 387 927 πρέποντ’
405 848 511 929 ἀρχαῖς
525 848 596 926 βίον
609 847 664 930 βία
678 840 868 927 φερομένων]
885 843 990 907 Verba
1003 855 1161 930 corrupta.

174 947 329 1033 πρέποντ’]
354 950 557 1012 Hermannus
581 955 602 986 “
619 948 646 1011 1.
661 969 689 1009 e.
709 946 824 1027 πρέπον
845 948 898 1025 μοί
919 948 1012 1009 ἐστιν.
1036 946 1142 1029 Ἀρχαὶ
1162 945 1236 1026 βίον

131 1066 236 1115 autem
260 1067 334 1114 sunt
356 1049 484 1128 domini,
499 1049 530 1113 in
551 1071 686 1134 qnorum
708 1062 862 1134 potestate
876 1060 922 1111 est
938 1047 1002 1111 vita
1016 1046 1200 1134 puellarum,
1215 1070 1234 1112 e

132 1151 250 1238 quibus
263 1150 378 1215 chorus
392 1164 522 1215 constat.
557 1153 673 1214 Sensus
687 1149 738 1213 hic
753 1164 817 1213 est:
842 1172 891 1213 me
905 1148 1031 1235 quidem
1048 1149 1137 1213 decet
1146 1150 1236 1236 justa

135 1253 251 1340 pariter
268 1267 364 1337 atque
385 1252 500 1340 injuste
521 1253 604 1317 facta
625 1250 759 1315 dominis
774 1251 846 1315 vitae
861 1274 949 1330 mese,
964 1274 1064 1336 quum
1080 1250 1236 1317 violentiae

135 1355 255 1440 impetu
279 1355 457 1440 rapiuntur,
481 1376 606 1418 assensu
631 1377 701 1418 meo
722 1354 928 1440 approbare.''
972 1357 1083 1439 Atque
1104 1352 1149 1417 ita
1169 1353 1238 1419 fere

135 1455 308 1520 scholiasta.
355 1455 506 1520 Feliciore
528 1479 683 1534 successu,
706 1479 774 1519 mea
794 1455 921 1541 quidem
945 1456 1107 1531 sententia,
1131 1454 1234 1520 locum

136 1557 281 1623 tractavit
298 1557 457 1635 Butlerns,
474 1558 529 1644 qui
548 1557 664 1622 inserto
683 1559 717 1621 οὐ
739 1572 812 1621 ante
833 1557 994 1638 πρέποντα,
1011 1557 1095 1621 hunc
1116 1556 1148 1620 in
1170 1580 1237 1621 mo·

136 1661 212 1725 dum
236 1661 471 1747 interpretatur,
492 1661 580 1723 Mihi
603 1682 677 1724 vero
699 1661 925 1740 (necessitatem
946 1661 1030 1722 caim
1052 1660 1237 1723 ancillarent

136 1764 199 1827 Dii
213 1763 404 1838 intuleram,
419 1784 460 1826 ον
475 1763 593 1825 αάἱδιιι
606 1763 689 1825 enim
706 1763 851 1848 paternis
872 1762 909 1823 a'n
929 1763 1073 1825 servilem
1095 1782 1143 1824 me
1163 1783 1237 1825 οοιι-

139 1867 289 1930 ditionem
317 1865 491 1948 abducere)
522 1886 611 1951 <aqua
636 1865 764 1951 pariter
791 1872 821 1926 et
849 1864 962 1949 iniquo
989 1884 1093 1927 eoram
1119 1865 1176 1951 qai
1204 1864 1238 1928 vi

137 1976 256 2053 agunt,
276 1965 366 2030 δαιιά
389 1969 608 2030 οοιιυιπὶιπιον
631 1968 755 2053 origini
781 1968 855 2029 vitta
876 1987 960 2042 meac,
984 1964 1090 2030 liberae
1111 1966 1239 2047 scilicet,

138 2069 273 2132 ἐαιιάατο
293 2069 439 2132 acerbum
462 2078 518 2146 eat,
541 2069 648 2132 odium
670 2071 772 2131 citimi
792 2070 958 2154 prementi.
1004 2068 1098 2146 Quod
1119 2069 1144 2132 si
1165 2070 1237 2152 πρέ-

139 2195 235 2234 ποντα
249 2170 314 2233 sine
327 2170 362 2233 ού
377 2186 459 2235 recte
474 2194 506 2233 se
527 2169 633 2246 habet,
649 2170 730 2234 idem
748 2171 829 2233 valet
850 2193 886 2233 ac
908 2174 1061 2249 δοκοῦντα,
1081 2193 1150 2258 quta
1164 2173 1238 2260 pla-

138 2273 203 2336 cita
222 2280 321 2342 auat,·
352 2271 432 2334 sicut
453 2270 538 2356 apud
555 2271 668 2358 Eurip.
684 2271 715 2334 in
733 2271 820 2336 Stob.
836 2275 888 2334 όν.
906 2294 936 2357 p.
952 2272 1026 2356 384.
1051 2275 1157 2357 Δούλιρ
1180 2277 1239 2356 γὰρ

140 2373 197 2455 ούχ
208 2373 275 2435 οἶόν
289 2397 322 2434 τε
335 2373 449 2450 τάληθῆ
468 2370 582 2454 λέγειν,
598 2375 636 2436 Εἰ
657 2375 831 2436 δεσπόταισι
852 2371 892 2450 μὴ
914 2377 1065 2453 πρέποντα
1087 2374 1238 2457 τυγχάνει.

141 2473 193 2538 Sic
217 2473 299 2535 enim
323 2472 491 2559 legendum
519 2497 576 2559 pro
600 2473 752 2556 τυγχάνοι.
777 2475 950 2537 BLOMF.
998 2475 1179 2554 Scholiasta,
1202 2477 1238 2542 τδ

143 2580 217 2657 ἑξῆς,
235 2578 300 2656 ἐμοὶ
322 2580 354 2639 δὲ
376 2574 528 2657 πρέποντα
548 2579 595 2641 καὶ
615 2575 800 2658 ὀφειλόμενά
821 2580 904 2641 ἐστιν
923 2580 1061 2660 ἀπαρχάς
1081 2579 1152 2664 (sic)
1168 2582 1241 2661 βίον

143 2685 181 2744 τὰ
194 2686 253 2743 τῶν
267 2681 321 2763 βία
334 2705 372 2759 με
387 2683 561 2760 φερομένων
576 2681 694 2744 αἰνέσαι
708 2681 813 2762 πικρὸν
828 2688 947 2763 φρενῶν
958 2683 1067 2763 στύγος
1082 2684 1239 2771 κρατούσῃ.

143 2780 277 2864 άνάγκην
302 2780 360 2863 γάρ
384 2806 436 2860 μοι
460 2784 489 2845 οἱ
515 2782 578 2845 θεοὶ
598 2781 816 2863 προσήνεγκαν.
861 2783 957 2848 Alius
983 2789 1069 2867 (curn
1096 2783 1241 2851 lemmate

143 2882 283 2964 πρέποντ’
300 2885 424 2966 άρχαίου
445 2884 516 2962 βίον
535 2883 567 2946 in
583 2882 633 2946 ed.
650 2883 852 2968 Robortelli),
867 2885 1019 2966 πρέποντά
1037 2913 1089 2967 μοι
1109 2890 1173 2951 ἐστι
1193 2890 1242 2954 καὶ

143 2987 338 3066 ὀφειλόμενα,
356 2982 439 3062 ἐξότε
460 2988 565 3047 τοῦτον
585 2982 768 3071 έπονῄρημαι
789 2986 839 3049 τὸν
857 2989 938 3065 βίον,
954 2991 991 3051 τὰ
1009 2994 1068 3051 τῶν
1081 2988 1155 3069 πρὸς
1167 2991 1243 3069 βίαν

145 3087 329 3166 κεκτημένων
355 3087 520 3161 ἐπαινέσαι,
545 3088 734 3165 καλνπτούσῃ
758 3087 812 3165 τὴν
834 3087 894 3150 κατ’
919 3089 1015 3152 αὐτῶν
1038 3091 1243 3174 ἆποσιύγησιν

145 3191 194 3254 καὶ
207 3189 281 3269 μηδέ
295 3191 443 3272 παρρησίᾳ
457 3189 510 3252 τὸν
525 3187 672 3268 δεσπότην
688 3189 840 3268 κλαιούσῃ.

190 3293 297 3374 ἀρχαῖς
312 3313 349 3354 ex
368 3289 516 3376 Sophiani
531 3291 709 3376 conjectura
725 3289 807 3353 Rob.
826 3291 935 3377 Steph.
956 3293 1051 3375 άρχδς
1067 3295 1116 3357 Μ.
1133 3295 1244 3361 Guelf.

147 3392 224 3457 Ald.
248 3394 338 3476 ἀρχαὶ
353 3394 458 3455 Turn.

191 3496 331 3579 79-81.
360 3495 476 3558 Versus
505 3493 547 3557 sic
576 3492 770 3557 describendi
792 3493 954 3557 -αἰνέσαι
974 3492 979 3579 Ι
998 3494 1102 3575 πικρὸν
1126 3501 1245 3577 φρενῶν

148 3597 256 3677 στύγος
279 3597 435 3682 κρατούσῃ.
457 3595 462 3682 Ι
482 3596 594 3677 δακρύω
618 3593 642 3658 δ’
666 3593 716 3676 ὑφ’
740 3594 865 3673 εἱμάτων
884 3592 889 3679 Ι
908 3597 1059 3675 ματαίοισι
1083 3601 1244 3664 δεσποτῶν.

81 3696 85 3701 ’
148 3698 294 3761 Duorum
311 3713 536 3782 postremorum
552 3711 686 3760 metrum
703 3697 761 3759 hoc
777 3712 833 3774 est,
850 3731 872 3757 υ
884 3694 947 3770 -’--,
964 3733 985 3759 ο
998 3695 1053 3759 -ὐ
1066 3735 1099 3760 -.

191 3800 243 3862 80.
259 3799 325 3883 βίᾳ]
341 3803 406 3879 βίαι
423 3797 532 3863 Guelf.
546 3798 624 3862 Ald.
649 3801 707 3884 βίῳ
722 3798 820 3861 codex
837 3798 1023 3862 Robortelli.

191 3900 296 3979 πικρδν
312 3898 421 3984 Steph.
445 3904 556 3981 πικρῶν
571 3899 621 3961 Μ.
638 3897 746 3961 Guelf.
763 3898 841 3961 Ald.
859 3899 943 3962 Roh.
960 3901 1063 3963 Turn.

192 4001 244 4062 81.
267 4002 380 4080 δακρύω
403 3997 426 4063 δ’
442 3997 493 4080 ὑφ’
511 3996 649 4081 εἱμάτων]
666 3999 753 4061 “Ex
770 4021 855 4062 moro
871 4000 994 4079 scilicet,
1010 4025 1075 4087 qno
1090 4000 1249 4087 plorantes

149 4101 294 4166 velabant
316 4101 435 4188 capita:
472 4100 534 4164 vid.
558 4099 665 4163 multis
686 4099 860 4187 philologos
881 4101 920 4165 ad
945 4102 1049 4166 Marci
1072 4105 1109 4167 C.
1126 4124 1174 4185 14
1196 4123 1246 4188 72.

151 4205 281 4268 Isocrat.
300 4205 436 4289 Trapez.
452 4226 482 4288 p.
500 4221 572 4284 714.
588 4199 638 4265 ed.
655 4203 694 4263 P.
714 4202 823 4288 Steph.
848 4204 1096 4287 ἐγκαλυψάμενος
1118 4205 1250 4270 έκλαιε.”

152 4308 332 4369 Ananscn.
378 4304 533 4368 Stanleius
558 4302 679 4367 confert
704 4304 834 4366 Homer.
857 4304 920 4366 Od.
940 4313 977 4369 Δ.
997 4326 1066 4386 114.
1095 4306 1197 4389 Δάκρυ
1222 4306 1247 4371 δ’

150 4409 210 4473 άπὸ
224 4406 392 4488 βλεφάρων
405 4405 532 4490 χαμάδις
544 4403 636 4485 βάλε,
650 4406 761 4486 πατρὸς
775 4407 916 4484 άκούσας,
933 4413 1064 4489 χλαῖναν
1078 4410 1248 4489 πορφυρέην

151 4508 214 4574 ἀντ’
231 4511 419 4592 ὀφθαλμοῖιν
434 4511 586 4592 άνοσχύν.
608 4522 642 4571 et
657 4506 773 4595 Eurip.
791 4506 902 4594 Suppl.
916 4526 984 4572 110.
1006 4509 1048 4572 Σὲ
1067 4506 1120 4572 τδν
1140 4508 1248 4591 κατήρη
