2984 5054
502 375 570 441 An
591 376 993 442 AGAMEMNONEM.
1231 378 1297 443 883

239 549 293 612 62.
315 543 697 632 πολυάνορος-γυναικὸς]
714 546 858 625 Helena,
873 567 945 637 ριια
965 546 1080 613 multos
1094 544 1228 613 morsm
1240 547 1297 611 δα-

195 652 274 716 metr.
289 671 401 736 nempe
417 647 613 728 Menelaum,
629 647 745 714 Psrida
759 664 791 714 et
805 648 1019 736 Deiphobum.
1053 647 1210 714 Steuleius
1222 670 1296 714 oon·

194 752 257 817 fert
280 750 441 838 Lycopbr.
466 751 538 837 851.
562 756 624 831 Τῆς
645 752 892 832 θηλύταιδοςκαί
913 747 1122 833 τριόυορος’
1089 776 1184 833 κορης,
1207 751 1296 838 quod

196 852 331 942 explieat
347 853 526 939 Stephanus
540 854 621 940 Byz.
614 879 678 940 .τῳ
662 852 855 938 Μενελάῳ,
876 851 1064 939 Ἀλεξάνδρῳ
1085 853 1133 918 καὶ
1147 852 1296 940 Δηϊφόβῳ

196 955 374 1041 γαμηθεῖσα.
397 956 572 1021 BLOMF.
618 954 750 1021 Rectius
764 954 989 1033 scholiasta,
953 979 1005 1034 της
1018 950 1296 1037 πολλοὺςμνρστῆ·

198 1084 250 1127 οας
265 1059 432 1142 ἐσχηκυίας

238 1162 289 1246 ⁶3
305 1158 466 1243 umam]
484 1158 634 1241 ναωβανῆ
649 1160 754 1223 Tum

236 1261 290 1341 64.
312 1258 513 1345 ἐρειδομένου]
536 1259 706 1341 ἐριδομέυου
721 1262 773 1326 Μ.
797 1259 989 1344 ἐρειπομίνον
1004 1263 1092 1349 (oum
1107 1259 1151 1349 gl.
1166 1261 1294 1327 πίπτον-

194 1361 260 1443 τος)
277 1362 319 1426 Τ.
334 1373 367 1425 et
382 1360 592 1450 superscripto
606 1366 640 1426 δο
656 1361 707 1426 Fl.

237 1461 364 1545 γόνατος
378 1465 526 1528 κονίαισιν
541 1463 741 1549 ἐρειδομένου]
759 1464 894 1531 Theocr.
911 1483 941 1547 7,
960 1481 988 1549 7.
1011 1466 1044 1531 εδ
1064 1462 1093 1547 γ’
1108 1464 1296 1548 ἐνερεισάρε·

197 1591 248 1634 νος
269 1565 362 1650 πέτρα
384 1563 466 1649 γόνυ.
513 1566 552 1630 In
576 1566 723 1653 Sophocl.
737 1567 831 1654 Ajse.
845 1588 921 1655 309.
935 1567 1063 1632 omnino
1083 1590 1193 1633 verum
1216 1585 1296 1656 puto

197 1668 352 1750 ἐρεισθεὶς,
373 1667 460 1754 quod
485 1690 525 1732 ex
547 1666 670 1733 scholiis
691 1691 749 1755 pro
771 1670 920 1752 ἐρεφθείς
941 1669 1057 1758 recepit
1077 1670 1294 1756 Musgrsvius.

198 1769 269 1834 Vim
288 1768 454 1835 locutionis
471 1792 565 1834 nemo
584 1770 790 1857 interpretum
814 1770 983 1857 perspexit,
999 1782 1116 1856 praeter
1137 1793 1293 1837 summum

194 1871 299 1936 virum
321 1873 367 1937 Is.
384 1873 617 1953 Cambonum,
632 1872 686 1960 qui
709 1874 831 1937 confert
847 1874 935 1937 Pers.
947 1874 1022 1958 926.
1040 1870 1132 1937 Ἀσία
1153 1875 1187 1937 δέ
1200 1875 1293 1958 χθδν,

194 1980 326 2054 βασιλεῦ
339 1976 436 2057 γαίας,
453 1978 550 2049 αἰνῶς,
567 1978 655 2042 anes
669 1977 717 2040 ἐπὶ
732 1972 806 2058 γόνυ
821 1973 962 2039 κέκλιται.
992 1972 1119 2038 Dicitur
1132 1973 1173 2039 de
1186 1974 1224 2039 iis
1237 1975 1294 2062 qui

194 2074 349 2140 luctantes
358 2075 406 2140 vel
417 2075 634 2164 praelisntesin
647 2099 732 2163 genu
747 2076 970 2163 procumbunt.
996 2075 1171 2141 Simonides
1180 2076 1293 2163 Epigr.

197 2194 248 2261 74
264 2180 408 2247 Μίλωνος
419 2175 478 2243 τόδ’
494 2179 617 2260 ἄγαλμα
631 2183 725 2242 καλοῦ
737 2177 840 2253 καλὸν,
853 2179 886 2246 ds
895 2203 969 2242 ποτε
979 2181 1063 2258 Πίσῃ
1076 2175 1202 2243 Ἑπτόκι
1216 2178 1295 2260 νική-

197 2305 263 2354 σας,
279 2281 322 2347 είς
335 2276 437 2362 γόνατ’
449 2280 501 2344 οὐκ
517 2280 636 2345 ἔπεσεν.
659 2281 795 2344 Paussn.
808 2300 858 2358 10,
872 2280 923 2344 26.
937 2277 977 2343 de
991 2279 1164 2368 Polygnoti
1174 2280 1293 2359 tabula,

194 2378 619 2462 Ἀστύνοριον-πεττοκότα
647 2382 680 2449 ἐς
706 2378 781 2463 γόνυ
809 2382 827 2445 d
852 2379 1064 2462 Νεοπτόλεμος
1091 2384 1172 2465 ξίφει
1199 2383 1292 2448 παίει.

239 2586 292 2670 65.
307 2585 506 2670 προτελείοις]
520 2585 681 2667 προτέλεια
694 2584 841 2650 sacrificia
856 2599 929 2650 sunt
942 2583 1169 2672 antenuptialis
1183 2600 1214 2651 et
1229 2607 1294 2651 me·

194 2686 356 2774 saphorine
370 2685 534 2773 preludia,
549 2686 751 2752 velitationes.
774 2688 949 2752 BLOMF.

238 2791 292 2854 66.
309 2787 473 2875 Δαναοῖσι]
490 2795 659 2854 Δαναοῖσιν
674 2790 725 2852 Μ.
742 2788 850 2853 Guelf.
865 2790 942 2854 Ald.
960 2788 1042 2855 Rob.

237 2895 292 2975 67.
309 2891 374 2955 ἐστι
388 2891 414 2955 δ’
428 2892 486 2971 dm)
501 2896 555 2955 νῦν
570 2889 651 2972 ἔστι]
663 2890 858 2977 Hujusmodi
869 2890 1013 2957 formulis
1028 2906 1164 2957 utuntur
1177 2890 1293 2970 Groeoi,

194 2993 322 3081 quondo
336 2991 376 3056 de
390 2991 485 3057 rebus
503 2991 683 3078 injucundis
702 2992 837 3057 breviter
855 2993 941 3058 efferi
958 2992 1066 3059 volunt
1068 2992 1180 3081 ‚quod
1203 3008 1292 3059 nota-

192 3108 269 3159 runt
282 3093 477 3161 Abresehius
490 3092 577 3157 adh.
589 3091 611 3158 l.
626 3108 658 3159 et
673 3094 850 3160 Scbaeferus
864 3095 906 3160 ud
922 3094 1019 3183 Sopb.
1036 3095 1116 3161 OEd.
1132 3094 1201 3160 col.
1219 3111 1293 3181 273.

237 3301 288 3385 69.
302 3296 489 3385 ὑποκλαίαν]
505 3297 659 3364 ύποκλέαν
674 3299 784 3365 Guelf.
798 3302 949 3366 ιατοκλίον
960 3297 1037 3364 Ald.
1053 3321 1091 3363 ex
1107 3321 1173 3385 quo
1188 3300 1292 3363 Turn.

193 3403 359 3467 δτοκλείαν
375 3399 449 3465 fecit
463 3401 642 3487 oonjectura
656 3423 718 3465 non
734 3401 838 3466 minus
856 3401 972 3466 infelioi
992 3423 1086 3488 quam
1102 3423 1193 3465 versu
1216 3423 1291 3487 pro-

194 3503 279 3567 ximo
302 3504 430 3567 δοκεύαυ
450 3525 490 3567 ex
512 3501 589 3568 vitio
610 3501 731 3567 Aldino
754 3505 895 3568 δοκεύων.
942 3505 1092 3590 Ineptum
1119 3516 1223 3567 autem
1246 3516 1294 3568 est

192 3605 373 3683 ύποκλαίαν,
388 3603 475 3690 quod
490 3604 693 3691 conjunctum
708 3626 780 3669 eum
797 3606 930 3687 δακρύων
944 3603 1096 3668 similibus
1114 3603 1293 3691 tautologiae

193 3704 344 3793 exemplis
365 3705 507 3771 excusari
529 3706 763 3793 quodammodo
784 3722 900 3794 posset,
922 3706 979 3771 nisi
1001 3706 1184 3794 interposita
1198 3709 1294 3774 verbs

193 3823 295 3872 essent
313 3807 373 3873 οὔθ’
388 3810 569 3890 ὑπολείβων.
614 3810 688 3874 Ηοα
711 3809 804 3874 sensit
821 3809 1035 3890 Cssaubonus,
1050 3809 1105 3896 qui
1128 3832 1190 3874 non
1213 3809 1294 3875 male

193 3909 491 3996 oonjecitr‘moxotev.
512 3911 660 3975 Ceterum
672 3928 754 3976 recte
762 3910 936 3990 scholiasta,
946 3911 979 3976 τδ
989 3915 1033 3980 τὶς
1044 3914 1151 3978 λείπει
1173 3911 1294 3978 Intelli-

192 4011 278 4099 gitur
291 4029 397 4076 eutem
413 4013 646 4100 Agamemnon,
659 4012 784 4078 nefandi
800 4012 937 4078 sacrificii
950 4016 1085 4097 (ἀπύρου
1096 4016 1197 4099 ίερῶυ)
1209 4038 1292 4081 reus.

236 4115 357 4194 δούρων
372 4115 474 4202 ἱερῶν]
491 4116 565 4179 Ηοα
584 4113 625 4179 de
640 4113 809 4180 Furiarum
831 4115 986 4180 sacrificiis
1003 4115 1184 4203 intelligunt
1203 4116 1293 4181 scho-

192 4212 293 4292 liuta,
321 4216 489 4297 Stanleius,
517 4217 696 4296 Sebutzius,
721 4217 786 4297 alii,
810 4217 928 4305 quibus
950 4240 1054 4304 neque
1076 4219 1166 4305 ignis
1191 4240 1294 4304 neque

192 4317 301 4382 vinum
323 4318 544 4400 adhibebatur,
562 4334 601 4385 ut
620 4319 719 4386 siunt.
766 4320 829 4386 Sed
850 4321 945 4396 uude,
961 4342 1080 4408 quaeso,
1095 4319 1155 4385 boe
1176 4319 1293 4385 didioe-

192 4421 293 4482 runt?
338 4419 510 4484 Furiarum
531 4419 659 4507 quidem
682 4423 820 4501 σπουδαί,
835 4443 909 4508 quoe
929 4442 970 4484 ex
984 4441 1067 4507 equa
1081 4419 1209 4497 fiebant,
1223 4416 1295 4481 ideo

191 4518 379 4588 dioebsntur
401 4519 553 4607 υτρφόλιοι,
574 4521 631 4589 'ssd
653 4519 905 4589 merifieis'fsotn
925 4520 1079 4589 esse'siue
1103 4518 1239 4608 ignibus,
1261 4512 1296 4584 id
