2984 5054
489 365 557 429 AD
579 363 875 429 EUMENIDES.
1165 354 1230 422 568

175 545 192 612 7
198 534 248 596 26.
263 533 356 622 χάτε]
378 536 405 617 χ’
421 535 478 599 ὥτε
494 534 603 621 steph.
635 533 664 619 χ’
680 534 721 602 ὥς
742 558 775 597 τε
791 531 898 597 Guelf.
914 528 992 594 Ald.
1009 530 1114 593 Turn.
1145 527 1176 612 χ’
1191 529 1230 595 ὥς

132 632 215 696 Ιίοδ.

175 751 248 820 727.
263 741 395 805 παλαιὰς
409 740 561 823 δαίμονας]
580 741 715 802 παλαιδν
731 736 874 818 διανομὴν
887 759 906 800 e
921 733 1002 799 libro
1017 736 1093 798 MS.
1108 732 1229 798 restitui

131 836 163 900 in
179 837 424 903 Zimmermanni
439 839 549 904 Diario
562 864 592 907 a.
611 841 704 927 1836.

176 942 248 1025 728.
265 943 347 1028 οίνιρ]
365 942 455 1006 Idem
472 943 568 1008 tradit
578 943 673 1009 schol.
690 941 803 1028 Eurip.
820 941 939 1006 Alcest.
957 960 1004 1008 12.

177 1057 250 1128 730.
268 1043 348 1129 έμεῖ]
366 1045 421 1132 έμῇ
436 1044 518 1109 libri.

177 1161 250 1229 731.
265 1146 452 1231 καθιππάζει]
473 1148 639 1227 καθιππάζῃ
653 1145 734 1211 libri.

178 1261 249 1331 733.
265 1248 465 1335 ἀμφίβουλος]
484 1250 656 1331 δμφίβολος
672 1251 721 1313 Μ.
738 1246 847 1312 Guelf.
864 1246 942 1311 Ald.
958 1246 1042 1310 Rob.

177 1366 250 1434 735.
265 1351 638 1439 ψῆφον-προσθήσομαι]
655 1350 834 1414 Minervam
850 1371 943 1413 suum
964 1348 1113 1436 adjecisse
1127 1347 1229 1413 calou·

133 1450 209 1529 lum,
224 1475 289 1539 quo
302 1453 466 1519 absolutus
476 1466 523 1518 est
538 1456 676 1530 Orestes,
691 1452 822 1517 tradunt
835 1451 887 1516 alii
901 1474 1039 1538 quoque.
1077 1449 1233 1515 Aristides

134 1552 193 1615 vol.
220 1573 243 1615 ι.
270 1577 303 1642 p.
321 1572 373 1635 24.
396 1557 489 1620 Cant.
514 1555 569 1635 τὴν
591 1557 624 1619 δὲ
650 1557 877 1636 φιλανθρωπίαν
901 1553 1088 1637 (Minervae)
1112 1553 1233 1634 οἱπερὶ

132 1655 281 1736 Ὀρέστην
294 1658 382 1740 λόγοι
394 1658 601 1740 μαρτύρονται,
616 1656 653 1722 δν
667 1659 803 1739 φυγόντα
816 1660 873 1737 μὶν
887 1659 920 1737 ἐξ
931 1655 1061 1739 Ἀργους
1073 1654 1230 1734 Ἀθήναζε,

134 1761 285 1842 φεύγοντα
300 1758 324 1823 δ’
339 1760 484 1841 Ἀθήνησι
497 1763 581 1839 δίκην
594 1758 642 1827 ὑπ’
659 1759 839 1840 Εύμενίδιιν,
855 1762 930 1824 ίσων
944 1765 1003 1824 τῶν
1017 1757 1131 1842 ψήφων
1145 1783 1230 1840 γενο-

132 1862 231 1943 μένων
245 1862 432 1944 προσθεμένη
447 1863 501 1942 τὴν
514 1861 582 1945 παρ’
598 1862 697 1929 αύτοῖς
711 1863 808 1937 σύζει.
831 1862 880 1926 καὶ
893 1865 994 1927 τοίνυν
1013 1862 1058 1926 έτι
1077 1864 1130 1925 νῦν
1144 1863 1232 1937 σύζει

133 1965 256 2038 πάντας,
273 1967 327 2030 έδν
340 1968 406 2030 nat
419 1965 575 2048 γένωνται.
598 1964 748 2030 Julianus
762 1987 795 2052 p.
814 1984 876 2046 114
891 1965 935 2028 D.
950 1963 1096 2042 Ἀθήνησι
1108 1966 1164 2044 μὲν
1179 1965 1232 2029 οδν

134 2075 231 2147 φασιν
245 2069 291 2133 δτι
304 2074 366 2136 τοῖς
380 2070 505 2149 πρύτοις
519 2069 621 2134 ἔθεσιν
637 2070 778 2152 έχρόντο,
794 2068 843 2132 καί
857 2067 931 2145 ἔζων
945 2072 1007 2134 τοῖς
1026 2067 1145 2134 οἰκείοις
1165 2092 1231 2132 πει·

135 2170 256 2248 θόμενοι
282 2172 392 2249 νόμοις,
413 2174 550 2253 μεγάλην
577 2173 625 2237 καὶ
649 2170 886 2252 πολυάνθρωπον
906 2173 1057 2237 οἰκοῦντες
1081 2171 1183 2249 πόλιν,
1206 2174 1236 2236 εί

134 2295 208 2334 ποτε
229 2276 288 2334 τῶν
302 2274 476 2347 δικαζόντων
491 2275 523 2336 αἱ
536 2277 636 2356 ψῆφοι
659 2270 720 2336 κατ’
736 2274 806 2336 ίσον
824 2273 982 2353 φαίνοιντο
1003 2278 1065 2339 τοῖς
1086 2274 1234 2354 φεύγουσι

134 2372 209 2453 πρὸς
230 2373 297 2440 τοὺς
315 2375 485 2449 διώκοντας,
501 2375 555 2451 τὴν
576 2378 628 2452 τῆς
645 2375 771 2451 Ἀθηνᾶς
793 2373 998 2453 ἐπιτιθεμένην
1012 2377 1053 2458 τῷ
1075 2374 1129 2453 τὴν
1150 2375 1234 2454 δίκην

134 2474 284 2556 ὀφλήσειν
297 2475 451 2554 μέλλοντι,
467 2476 610 2540 άπολύειν
624 2476 713 2557 άμφιο
734 2478 786 2554 τῆς
799 2475 904 2542 σίτίσς.
942 2474 1151 2540 Philostratus
1167 2476 1230 2540 Vit.

134 2577 230 2664 Soph.
248 2597 278 2656 α,
292 2599 322 2663 3.
340 2577 371 2640 iu
386 2575 553 2656 Aristocle,
567 2576 767 2656 εὐδοκιμοῦντι
781 2578 814 2640 δέ
829 2576 906 2662 αύτῷ
929 2581 1003 2642 κατὰ
1017 2583 1051 2641 τδ
1068 2578 1232 2660 Πέργαμον

136 2679 340 2764 κάξηριημένιρ
361 2683 421 2743 πᾶν
435 2679 470 2742 τδ
483 2677 674 2758 Ἑλληνικὸν,
692 2681 860 2758 έξελαύνινν
875 2681 892 2742 δ
905 2675 1040 2760 Ἡριίδης
1055 2683 1097 2747 εἰς
1112 2680 1232 2763 Πέργσ·

134 2809 201 2862 μον,
225 2784 343 2865 έπεμψε
365 2784 433 2849 τοὺς
454 2785 560 2847 ἑαυτοῦ
583 2784 726 2862 ὁμιλητὰς
748 2781 871 2849 πάντας·
896 2782 944 2846 καὶ
963 2781 1018 2846 τὸν
1035 2782 1233 2864 Ἀριστοκλέα

136 2885 215 2950 εἶδεν
229 2887 329 2966 ὥσπερ
344 2911 388 2953 τις
402 2883 531 2963 Ἀθηνᾶς
551 2887 666 2967 ψήφου.
704 2884 854 2949 Meminit
867 2898 899 2950 et
915 2884 979 2949 Dio
992 2904 1047 2970 51,
1065 2907 1114 2972 19.
1131 2887 1235 2968 έκκλη-

135 2990 189 3052 τόν
210 3013 243 3052 τε
260 2987 386 3064 δικάζειν
409 2989 457 3057 καί
478 2987 587 3069 ψῆφόν
606 3011 674 3052 τινα
695 2986 785 3053 αὐτοῦ
805 2989 840 3052 ἐν
862 2992 936 3052 πᾶσι
959 2993 1020 3055 τοῖς
1038 2991 1234 3070 δικαστηρίοις

136 3091 237 3170 ὥσπερ
246 3088 374 3168 Ἀθηνᾶς
388 3088 535 3169 φέρεσθαι
546 3089 720 3154 ἐκέλευσαν.
737 3089 907 3155 STANL.
934 3089 991 3154 Ab
1001 3089 1126 3155 illorum
1138 3092 1234 3179 scrip·

136 3206 239 3255 torum
255 3189 430 3253 narratione
441 3213 479 3254 eo
493 3189 655 3255 dissentire
667 3189 854 3279 AEschylum
871 3190 1069 3256 manifestum
1081 3207 1138 3268 est,
1147 3193 1234 3278 quod

136 3293 314 3357 Minervam
329 3290 468 3357 nondum
484 3291 654 3356 numeratis
668 3291 933 3380 Areopagitarum
949 3293 1076 3359 calculis
1090 3317 1182 3359 suum
1202 3295 1234 3360 in

136 3417 247 3459 urnam
274 3392 439 3480 conjecisse
464 3391 618 3458 calculum
647 3415 748 3479 eoque
774 3392 909 3458 effecisse
937 3395 1029 3459 finxit
1055 3410 1091 3460 ut
1121 3419 1180 3484 par
1202 3397 1234 3461 in

138 3514 304 3583 utramque
318 3496 501 3561 senteutiam
516 3495 707 3561 calculorum
721 3518 872 3561 numerus
887 3497 1033 3563 evaderet
1047 3501 1236 3587 Orestesque

137 3599 309 3665 secundum
344 3598 443 3685 legem
479 3621 506 3662 v.
538 3615 611 3684 741.
647 3597 848 3663 constitutam
880 3600 1105 3667 absolveretur.
1151 3605 1235 3669 Cum

138 3700 291 3789 AEsohylo
305 3701 503 3766 consentiunt
517 3700 682 3788 scriptores
696 3701 737 3765 ab
752 3702 938 3767 Hermanno
957 3727 989 3792 p.
1004 3706 1075 3789 189.
1097 3705 1236 3787 indicati,

136 3804 300 3871 scholiasta
316 3803 465 3869 Aristidis
485 3803 527 3868 ad
543 3803 603 3868 vol.
622 3824 650 3868 1.
674 3827 707 3890 p.
727 3806 799 3882 108,
819 3825 866 3870 ro.
889 3828 920 3893 p.
935 3807 1011 3888 428.
1027 3807 1076 3872 ed.
1093 3810 1233 3874 Fromm.

136 3912 215 3992 φασὶ
229 3912 261 3972 δὲ
276 3911 321 3972 ὅτι
336 3914 394 3971 τῶν
408 3908 441 3987 ἓξ
455 3913 532 3972 θεῶν
546 3907 767 3988 προστιθέντων
782 3914 847 3976 ταῖς
862 3911 998 3990 Ἐρινύσι
1020 3913 1141 3976 καὶτῶν
1155 3910 1180 3976 ε’
1194 3913 1234 3998 τῷ

135 4011 274 4097 Ὀρέστῃ,
296 4011 445 4092 μετέωρον
468 4011 600 4093 ἔχουσαν
622 4011 676 4090 τὴν
694 4015 801 4093 ψῆφον
815 4009 947 4092 Ἀθηνᾶν
962 4014 1092 4079 ὕστατον
1112 4040 1235 4097 προστι-

137 4119 242 4177 θεῖσαν
257 4117 375 4192 νικῆσαι
397 4112 486 4177 αύτδν
499 4112 670 4191 πεποίηκεν·
694 4115 819 4180 εἰκότος
841 4114 916 4194 ύπέρ
938 4115 973 4179 οδ
987 4118 1045 4197 γάρ
1066 4116 1121 4196 τὴν
1135 4118 1235 4181 ἐκεῖσε

137 4218 234 4295 κρίσιν
248 4214 413 4295 ἠγάπησεν,
430 4215 497 4278 ἀντὶ
518 4213 638 4298 χάριτος
659 4214 748 4299 χάριν
760 4217 837 4302 αύτῷ
860 4217 1062 4302 εἰσενήνοχεν.
1087 4221 1114 4282 εί
1135 4219 1169 4282 δέ
1190 4243 1234 4286 τις

138 4319 227 4390 εἴποι,
240 4319 303 4381 πῶς
323 4314 357 4377 τδ
371 4317 440 4378 ίσσν
454 4316 534 4398 ἔχων
548 4321 607 4379 τῶν
626 4320 703 4381 θεῶν
718 4318 880 4395 νενίκηκεν,
902 4319 979 4400 έρεῖς
1000 4321 1047 4383 δτι
1066 4318 1171 4398 θνητὸς
1192 4318 1234 4383 δν

137 4421 190 4483 τὰς
211 4418 279 4483 ’ίσας
300 4419 359 4478 τῶν
372 4418 448 4479 θεῶν
463 4416 584 4498 ψήφους
605 4417 736 4495 έδέξατο,
751 4422 800 4482 διδ
813 4423 899 4483 τοῦτο
922 4423 1065 4498 νενίκηκε.
1100 4421 1233 4485 Lucian.

140 4518 252 4582 Piseat.
268 4539 296 4580 c.
315 4535 363 4580 21.
388 4518 441 4594 ἐμὲ
460 4519 493 4580 δὲ
509 4517 547 4596 ἤν
566 4543 624 4582 που
642 4521 841 4598 κρατούμενον
860 4523 923 4599 ίδης
939 4520 1131 4602 (Minervam
1146 4522 1234 4607 dicit)

655 4639 677 4698 4
693 4641 711 4681 n
729 4638 748 4685 2
