2984 5054
534 371 601 434 AD
624 369 953 448 CHOEPHORAS.
1230 375 1290 438 481

195 533 360 622 Frequens
381 543 582 623 θερμολουσία
604 542 765 608 luxuriosa
786 544 976 631 putabatur:
1002 543 1066 608 vid.
1084 543 1146 609 od.
1162 551 1201 610 Θ.
1220 560 1294 627 247.

192 635 248 700 ubi
271 641 362 725 plura
384 644 582 709 Eustathius.
619 646 817 734 Hermippus
838 647 924 731 apud
944 647 1063 710 Athen.
1083 667 1111 722 1,
1134 669 1166 733 p.
1185 648 1235 713 18.
1252 649 1293 712 C.

194 741 250 802 Μδ
265 742 317 805 τδν
333 743 396 819 Δί’,
412 746 447 808 οὐ
463 745 520 826 μέν
537 772 583 810 τοι
604 747 725 826 μεθύειν
746 747 799 811 τδν
821 748 915 830 ἄνδρα
935 748 994 831 χρὴ
1007 749 1070 814 Thu
1085 749 1210 830 ἀγαθὸν
1226 749 1295 814 οὐδὲ

195 845 415 925 θερμολουτεῖν·
440 848 514 914 nus
527 853 631 915 ποιεῖς.
655 849 830 912 BLOMF

238 947 405 1029 θελκτήρια,
437 949 585 1034 στρωμνὴ]
625 949 830 1014 Scribendum
861 953 1020 1033 θελκτηρία
1056 952 1194 1034 στρωμνὴ
1221 974 1295 1017 cum

194 1043 395 1113 Wakefieldo
411 1049 488 1115 Silv.
505 1051 572 1116 cn't
590 1053 713 1134 §.164

238 1149 314 1232 671.
346 1151 518 1217 δικαίωντ’
548 1152 698 1238 ὀμμάτων]
725 1152 939 1240 Benignorum
968 1153 1136 1242 hospitum.
1170 1156 1295 1221 WEL-

194 1250 372 1317 LAUER.

237 1355 311 1436 672.
339 1357 477 1435 βούλιος,
506 1356 558 1420 Aa
585 1358 750 1422 consilium
778 1360 955 1444 pertinens.
988 1359 1010 1423 i.
1030 1383 1061 1446 q.
1091 1362 1293 1439 βουλευτικός.

194 1455 294 1520 Recte
308 1456 403 1522 schol.
421 1460 448 1522 εἰ
462 1458 497 1523 οὗ
512 1461 561 1522 διδ
575 1461 678 1537 ξενίαν
691 1462 787 1538 ἥκετε,
802 1461 885 1523 ἀλλὰ
900 1461 937 1524 δι’
951 1461 1029 1524 δλλο
1044 1485 1082 1524 τι.
1103 1461 1278 1525 BLOMF.

237 1560 313 1645 675.
331 1561 523 1643 αὖτόφορτος,
539 1562 613 1647 Ipse
630 1563 790 1626 sarcinam
806 1570 962 1646 portans:
985 1584 1047 1625 non
1063 1584 1158 1626 curru
1174 1579 1292 1627 vectus.

194 1661 337 1748 Hesych.
360 1663 563 1743 Αὐτόφορτοιι
588 1663 800 1727 αἰποδιόκονοι.
827 1665 929 1745 κυρίως
950 1666 995 1741 δὲ,
1016 1666 1046 1728 οἰ
1069 1666 1103 1728 έν
1127 1669 1189 1731 τοῖς
1212 1666 1295 1731 ἰδίοις

193 1764 319 1830 πλοίοις.
352 1768 510 1845 Σοφοκλῆς
525 1764 647 1852 Θυέστῃ
662 1768 820 1851 Σικυωνίῳ.
844 1767 861 1827 δ
881 1767 914 1828 δὲ
933 1770 1076 1847 Κρατῖνος
1099 1767 1133 1830 έν
1154 1767 1293 1846 Χείρωνι,

193 1863 262 1931 τοὺς
282 1869 321 1929 rh
342 1869 427 1930 κοινδ
449 1866 677 1947 φορτιζομένους
700 1867 767 1949 ἔφη.
812 1866 912 1931 Navis
933 1867 1074 1931 oneraria
1091 1883 1157 1931 erat
1179 1869 1294 1949 φόρτις,

193 1984 274 2026 onus
288 1963 337 2027 vel
358 1963 476 2028 sarcina
491 1967 560 2051 ejus
574 1968 695 2049 φόρτος,
713 1965 796 2030 unde
809 1968 1006 2049 μυριόφορτος
1024 1975 1105 2036 ναῦς.
1144 1969 1294 2032 Ceterum

195 2064 377 2147 αὐτόφορτος
391 2065 474 2131 ναίει
495 2070 563 2154 ipse
584 2090 655 2132 ατιτα
676 2071 817 2146 sarcina,
829 2068 908 2133 sicut
924 2070 1095 2135 αὖτόκωπον
1109 2071 1195 2152 ξίφος
1209 2074 1295 2135 ensis

193 2188 265 2230 cum
276 2169 455 2246 manubrio,
466 2193 562 2256 supra
574 2186 645 2254 157.
670 2171 721 2235 Sic
736 2171 947 2253 αὐτόπρεμνος,
958 2173 1124 2254 αιἰτόρριζος
1133 2186 1166 2237 et
1174 2171 1293 2238 similia.

237 2375 330 2458 οἰκεία
351 2373 446 2461 σόγῃ]
471 2376 549 2459 οἰκία
561 2374 640 2456 σόγη
654 2375 705 2439 Μ.
737 2377 841 2443 οἰκίαις
854 2376 912 2457 ἄγη
928 2374 1039 2439 Guelf.
1055 2374 1132 2439 Ald.
1148 2388 1180 2439 et
1194 2375 1295 2442 codex

194 2475 379 2540 Robortelli.

235 2578 310 2659 676.
328 2579 374 2666 ές]
392 2576 598 2642 Scribendum
616 2581 668 2646 εἰς.

237 2681 338 2762 ὥσπερ
361 2678 436 2761 δεῦρ’
453 2681 601 2762 ἀπεζύγην
622 2682 726 2766 πόδας]
754 2681 1021 2755 Quemadmodum
1037 2702 1085 2743 me
1098 2680 1158 2743 Ῑιιιο
1174 2681 1295 2744 uenisse

194 2782 318 2844 νίόιίίς.
341 2780 577 2845 ABRESCH.

237 2883 312 2966 678.
338 2884 436 2947 Recte
453 2883 632 2964 Schutn'us
648 2885 841 2967 ἐξιστορήσας
862 2887 944 2963 ὁδόν,
959 2888 1136 2950 adsciturus
1150 2905 1211 2970 quo
1225 2893 1294 2947 ten·

193 2983 308 3064 darem,
324 2985 373 3049 καί
388 2986 560 3066 σαφηνίσας
573 2987 655 3063 ὀδόν,
672 2989 757 3050 νίααι
772 3009 869 3074 quum
884 2996 1095 3052 monstrasset.
1119 2986 1295 3050 BLOMF.

237 3090 311 3170 679.
328 3087 488 3170 Στρόφιος]
506 3086 607 3173 Apud
625 3087 789 3174 Sophoclis
803 3088 960 3153 Electram
976 3092 1030 3169 46.
1045 3088 1112 3176 ipse
1128 3086 1296 3173 Strophius

194 3188 295 3253 nuntii
312 3209 476 3274 personam
498 3187 612 3265 induit,
628 3189 786 3275 refertque
801 3189 888 3276 quod
910 3190 1013 3277 ipsurn
1029 3190 1155 3254 miserat
1170 3188 1297 3254 Phano-

194 3306 263 3355 teus
277 3289 457 3366 Phocensis,
471 3289 613 3371 μέγιστος
628 3290 727 3359 αὐτοῖς
745 3292 920 3373 δορυξένων.
957 3294 1073 3357 Noster
1088 3294 1204 3379 Agam.
1222 3294 1240 3356 8
1242 3309 1295 3378 53.

192 3391 306 3474 Τρέφει
320 3394 378 3473 γδρ
392 3391 482 3455 αὐτὸν
498 3391 621 3471 εὐμενὴς
641 3394 803 3474 δορίξενος,
820 3395 968 3475 Στρόφιος
989 3396 1006 3457 δ
1029 3395 1160 3459 Φωκεύς.
1207 3395 1293 3457 Stro-

191 3494 286 3580 phius
300 3493 391 3558 etiam
408 3492 628 3558 nominabatur
643 3492 773 3581 Pyladis
786 3508 887 3580 pater,
900 3494 955 3580 qui
970 3516 1041 3558 eum
1057 3493 1179 3557 adibus
1194 3493 1295 3579 ejecit,

191 3595 348 3683 pollutum
371 3617 437 3660 esse
459 3594 576 3674 dicens,
590 3594 676 3681 quod
701 3616 764 3658 una
785 3617 856 3659 cum
875 3597 985 3660 Oreste
1007 3610 1160 3682 patrasset
1177 3594 1295 3659 ooedem

193 3702 451 3787 Clytaemnestrae.
489 3697 602 3783 Eurip.
620 3700 677 3762 Or.
695 3700 768 3783 763.
793 3697 963 3764 STANL.

235 3801 310 3866 680.
343 3801 426 3885 κίεις]
451 3801 520 3863 Vox
550 3799 731 3876 Homerica,
762 3821 818 3864 nec
846 3798 993 3887 Sophocli
1019 3821 1122 3885 neque
1147 3797 1294 3886 Euripidi

190 3917 390 3989 usurpatum.
425 3903 514 3966 Pers.
539 3903 631 3984 1069.
655 3900 774 3967 αἰακτὸς
798 3903 839 3968 εἰς
864 3904 969 3980 δόμους
993 3902 1046 3965 κίε.
1084 3902 1196 3988 Suppl.
1218 3920 1294 3987 500.

191 4003 373 4087 τεταγμένος
388 4004 449 4068 κίω.
474 4002 649 4066 BLOMF.

234 4108 309 4188 684.
326 4107 383 4195 εἰς]
403 4104 608 4169 Scribendum
624 4106 664 4171 ἐς.

235 4211 277 4275 εἶς
302 4208 337 4271 τδ
360 4207 431 4291 πᾶν]
459 4207 605 4270 Omnino.
643 4204 780 4269 Locutio
802 4204 951 4291 frequens
979 4205 1065 4292 apud
1091 4206 1292 4293 AEschylum.

194 4309 284 4374 Infra
298 4311 371 4394 926.
388 4308 479 4372 ἔλακε
495 4306 519 4372 δ’
536 4310 579 4375 εἰς
592 4305 626 4369 τὸ
641 4311 712 4370 πᾶν.
746 4307 844 4371 Eum.
859 4325 914 4391 52.
932 4310 974 4375 εἰς
990 4308 1025 4372 τδ
1043 4313 1103 4373 πᾶν
1116 4312 1295 4392 βδελύκτρο-

191 4437 252 4476 ποι.
288 4430 361 4475 200.
375 4407 463 4472 Ἀλλ’
481 4412 522 4475 εἰς
545 4409 580 4472 τὸ
595 4412 655 4471 πᾶν
670 4407 806 4489 ἔπραξας,
824 4409 863 4475 ὡς
884 4411 1049 4477 παναίτιος.
1084 4411 1201 4496 Agam.
1219 4412 1293 4488 664.

192 4514 292 4598 [682]
320 4515 361 4579 εἰς
388 4512 422 4574 τὸ
443 4515 503 4574 πᾶν
529 4512 683 4589 ἐτητύμως.
718 4509 843 4594 [Eunu]
867 4512 918 4593 83.
937 4508 1028 4572 Ὧστ’
1053 4514 1096 4577 εἰς
1120 4510 1154 4574 τδ
1175 4516 1236 4576 πᾶν
1258 4537 1294 4576 σε

716 4629 772 4695 31’
