2984 5054
524 365 590 427 AD
615 363 944 428 CHOEPHORAS
1220 361 1284 424 453

187 544 554 631 Ant.1315ssolooo
575 543 627 627 ὑφ’
653 545 731 627 ὑπαρ
758 547 895 628 αὐτόχειρ
925 543 1026 623 αὑτήν.
1066 541 1183 607 Trach.
1209 562 1284 628 933.

184 647 323 732 Ορῦμευ
337 648 428 726 αὑτὴν
443 649 612 728 ἀμφιπλῆγι
626 647 775 732 φοσγάνιρ
790 650 934 728 Πλευράν
947 643 997 728 ὑφ’
1013 645 1092 726 ἧπαρ
1107 645 1156 708 καὶ
1172 645 1286 726 φρένας

187 749 411 831 πεπληγμίνην.
456 750 539 812 Cum
565 747 705 834 genitivo
727 749 839 834 Eurip.
863 745 975 834 Suppl
998 767 1072 831 919.
1100 748 1148 809 Ἰδ
1170 746 1284 819 τέκνον,

187 858 317 937 δυστυχῆ
339 852 367 915 σ’
391 853 510 934 ἔφερον,
534 853 645 932 ἔφερον
665 852 717 932 ὑφ
736 853 858 930 ἥπατος.
903 849 1024 913 Eodem
1048 848 1113 912 fere
1138 870 1228 911 sensu
1253 847 1285 910 in

188 958 294 1042 Agum
311 956 385 1039 765.
400 959 496 1035 δῆγμα
511 955 543 1018 δὲ
558 954 654 1031 λύπης
669 953 767 1017 Οὐδὲν
781 951 829 1035 ἐφ’
844 951 923 1032 ἦτορ
937 956 1147 1031 προσικνεῖται.
1164 963 1195 1014 et
1208 970 1285 1030 421.

188 1058 291 1120 πολλὰ
312 1059 386 1137 γοῦν
408 1053 544 1136 θιγγάνει
565 1054 640 1134 πρὸς
660 1054 748 1136 ἧπαρ.
795 1053 847 1117 Sic
868 1051 1058 1116 Theocritus
1072 1071 1123 1128 11,
1139 1066 1190 1136 15.
1206 1049 1287 1114 dixit

189 1155 368 1237 ὑποκάρδιον
388 1157 486 1235 ἕλκος,
508 1172 539 1220 et
563 1175 615 1235 2ο,
635 1174 685 1240 17.
708 1157 885 1237 ὑποκάρδιον
907 1154 1011 1237 ἀργόν,
1035 1154 1113 1218 sicut
1137 1153 1287 1240 Virgilius

191 1259 267 1322 AEn.
293 1257 319 1322 Ι.
341 1260 395 1343 36.
421 1268 576 1322 aeeernom
601 1280 735 1324 servans
755 1261 813 1324 ςυδ
836 1268 959 1346 pectore
982 1259 1108 1333 υιιίπυυ,
1136 1259 1221 1344 quod
1247 1281 1287 1322 ex

191 1358 342 1423 Lucretio
355 1358 465 1422 sumsit
482 1377 512 1436 2,
529 1360 601 1444 638.
640 1359 864 1447 AEternomque
878 1360 969 1422 daret
984 1360 1080 1423 moeri
1094 1361 1151 1423 ςυδ
1163 1370 1289 1447 pectore

191 1459 316 1523 νιιίηυο.
362 1459 409 1522 Ηί
431 1459 553 1523 dolores
574 1460 723 1524 dicuntur
744 1461 776 1524 in
799 1463 894 1524 Eum.
916 1462 991 1544 465.
1015 1460 1094 1540 άλγη
1117 1462 1290 1543 ἀντίκεντρα

193 1561 305 1644 καρδίη.
330 1560 505 1624 BLOMF.
527 1559 578 1641 ὑφ’
593 1562 627 1640 ἧς
641 1561 776 1643 πορθμόν
792 1560 901 1625 Guelf.
919 1560 996 1624 Ald.
1013 1563 1115 1625 Turn.

238 1677 309 1746 273.
325 1663 501 1743 τοῦπατρὸς
515 1663 582 1729 τοὺς
597 1663 717 1745 αίτίους]
738 1662 881 1727 Breviter
896 1663 1014 1727 dictum
1031 1686 1089 1749 pro
1107 1669 1160 1728 τοὺ
1181 1665 1290 1746 πατρὸς

194 1768 246 1829 τοῦ
260 1766 356 1845 φόνου
370 1765 438 1831 τοὺς
452 1768 570 1831 αἰτίους.

240 1883 311 1948 274.
334 1867 445 1947 τρόπον
462 1865 516 1929 τὸν
532 1863 634 1948 αὑτὸν]
650 1864 682 1927 h.
698 1887 725 1928 e.
743 1863 848 1929 dolose
864 1880 900 1930 ut
914 1881 1003 1952 poter
1018 1881 1084 1929 erat
1098 1882 1290 1932 mteremtus.

197 1966 342 2052 Sophocl.
357 1965 475 2031 Electr.
491 1989 521 2031 v.
538 1986 591 2052 35.

366 2073 424 2152 χρῆ
438 2094 489 2149 μοι
502 2067 611 2132 τοιαῦθ’
627 2071 644 2132 ὑ
659 2074 782 2148 Φοῖβος,
799 2072 841 2133 ὧν
855 2072 960 2134 πεύσει
974 2069 1061 2154 τάχα·

368 2171 495 2234 ἄσκευον
511 2171 601 2234 αὑτὸν
616 2172 750 2234 ἀσπίδων
764 2197 797 2235 τε
812 2174 861 2236 καὶ
875 2178 1003 2252 στρατοῦ

369 2275 485 2335 δόλοισι
500 2272 614 2354 κλέψαι
627 2272 728 2354 χειρδς
743 2275 872 2339 ἐνδίκους
887 2273 1018 2354 σφαγάς.
1064 2276 1163 2339 SCH.

243 2391 314 2457 275.
330 2374 578 2458 ἀποχρημάτοισι]
594 2376 830 2456 ἀποχρηματοῖσι
844 2375 893 2438 Μ.
911 2375 1019 2438 Guelf.
1035 2374 1113 2439 Ald.
1137 2378 1294 2459 ἀποχρῆμα

200 2481 278 2540 τοῖσι
301 2477 404 2540 Turn.
424 2476 534 2563 steph.
558 2475 754 2559 ἀχρημάτοισι
777 2474 963 2561 Sophianus
985 2488 1004 2509 ‘¹
1021 2477 1188 2559 ἀχρήματος
1211 2480 1296 2559 ζημία

199 2576 275 2640 nihil
304 2576 390 2641 aliud
418 2591 465 2640 est
493 2599 588 2663 quom
620 2586 830 2663 paternorum
859 2578 1010 2640 bonomm
1039 2581 1168 2664 ereptio,
1199 2603 1295 2664 quam

202 2681 328 2743 Orestes
348 2702 368 2742 a
389 2693 487 2742 matre
509 2695 541 2742 et
564 2679 713 2765 AEgistho
735 2701 846 2765 passus
870 2693 954 2752 eran
988 2701 1025 2742 ea
1046 2678 1143 2765 igitur
1165 2703 1197 2744 se
1222 2681 1298 2746 dicit

201 2796 315 2866 proeter
337 2781 435 2844 minas
457 2780 567 2844 ultioni
589 2780 686 2867 petris
708 2779 857 2867 neglectae
879 2781 1061 2867 propositas,
1084 2783 1125 2847 ab
1148 2784 1298 2869 Apolline

202 2882 241 2945 ad
257 2905 365 2968 poenas
379 2882 419 2945 de
434 2898 531 2946 matre
546 2883 677 2969 ejusque
692 2882 813 2946 moecho
829 2882 993 2947 sumendas
1008 2885 1174 2949 irritatum.
1207 2885 1297 2951 Idem

203 2988 268 3050 sere
282 2984 349 3048 aliis
365 2984 465 3049 verbis
479 2983 666 3071 exprimitur
681 3007 708 3047 v.
725 3004 800 3068 301.

376 3088 423 3150 καὶ
437 3086 608 3167 προσπιέζει
623 3085 781 3168 χρημάτων
796 3088 914 3169 ἀχηνία.

205 3189 304 3252 SCH.
329 3186 433 3251 Aliter
449 3185 635 3271 Stephanus.
676 3192 697 3223 “
714 3186 798 3249 Puto
812 3183 870 3248 loci
885 3185 981 3272 hujus
996 3210 1120 3252 sensum
1135 3190 1220 3253 hune
1234 3215 1299 3256 esse

206 3307 240 3355 ut
262 3291 344 3354 dicat
367 3312 428 3353 non
454 3311 543 3375 posse
568 3289 658 3352 aliter
679 3288 760 3351 hanc
786 3301 915 3350 mortem
944 3311 1038 3373 quam
1064 3306 1164 3355 morte
1188 3309 1300 3359 mutua

204 3392 290 3479 piari,
308 3390 488 3478 nullamque
502 3391 709 3478 pecuniariam
735 3390 864 3453 multam
888 3389 937 3452 hic
959 3389 1063 3453 locum
1086 3391 1209 3455 habere.
1255 3396 1301 3458 Et

205 3518 243 3557 ox
269 3493 330 3558 alio
352 3493 443 3557 etiam
471 3493 538 3557 loco
564 3493 690 3557 videtur
716 3491 891 3557 confirmari
917 3490 1008 3577 plane
1034 3493 1101 3555 hoec
1127 3495 1298 3558 sententio:

206 3620 298 3683 quom
316 3597 341 3660 si
356 3619 532 3683 sequamur,
549 3594 745 3677 ἀχρημάτοισι
759 3592 861 3679 legere
876 3592 1055 3655 debemus.'’
1100 3592 1198 3658 Male.

249 3698 461 3780 ταυρούμενον]
478 3699 675 3777 ταυρούμενος
690 3697 793 3758 Turn.

251 3816 323 3884 279.
345 3803 397 3867 τδς
413 3801 460 3882 δὲ]
478 3799 568 3862 τάσδε
584 3800 688 3861 Turn.
734 3798 855 3860 Locum
873 3810 954 3858 recte
968 3793 1105 3881 explicat
1120 3794 1301 3871 scholiasta;

207 3903 274 3968 τοὺς
298 3904 355 3981 μὲν
377 3904 434 3983 γδρ
455 3902 579 3966 πολίτας
595 3898 736 3978 λιμόξειν
758 3901 791 3962 ἑκ
813 3902 867 3980 γῆς
889 3899 1016 3978 ἔφασκε,
1039 3899 1112 3981 πρὸς
1134 3901 1305 3980 ἀφοσίωσιν

208 4003 440 4086 Ἀγαμέμνονος,
457 4005 495 4069 ὣς
508 4003 548 4082 μὴ
564 4001 783 4079 ἓκδικήσαντας·
806 4001 880 4080 ἡμᾶς
898 4002 930 4063 δὲ
953 4007 1124 4078 σωματικῶς
1146 4006 1304 4084 φθαρῆναι.

210 4105 383 4169 BLOMF.
415 4108 453 4167 τά
475 4105 531 4183 μὲν
556 4106 614 4185 γὰρ
640 4105 673 4166 ἐκ
702 4106 756 4184 γῆς
781 4105 958 4184 δυσφρόνων
979 4105 1159 4184 μειλίγματα
1184 4111 1306 4185 βροτοῖς

210 4211 386 4288 πιφαύσκων
402 4206 476 4277 εἶπε,
492 4204 551 4268 hoc
566 4204 738 4291 significat:
771 4206 818 4267 Ac
836 4206 979 4291 primum
993 4207 1118 4290 quidem
1132 4205 1307 4269 intermissa

211 4309 303 4374 caedis
317 4306 576 4398 Agamemnoniae
591 4307 720 4386 ultione,
737 4308 780 4370 od
795 4307 957 4394 placando
978 4309 1063 4370 irato
1085 4309 1220 4369 πυιυὲπα
1238 4328 1305 4394 poe·

213 4431 272 4474 noe
292 4434 331 4476 ια
353 4423 451 4488 terro,
475 4408 505 4472 h.
521 4433 548 4473 e.
575 4426 658 4475 terra
683 4409 842 4473 sterilitate
866 4406 1019 4493 imposito,
1042 4407 1163 4470 οἱνίδνυ
1185 4405 1307 4468 denon-

215 4511 313 4578 tiovs‘t.
358 4515 482 4578 Notum
506 4525 553 4576 est
575 4514 746 4603 neglectum
772 4509 865 4597 regiae
890 4507 985 4573 eaedis
1007 4507 1214 4594 expiationem
1240 4506 1308 4572 haec
