2984 5054
494 402 562 466 AD
583 396 984 464 AGAMEMNONEM.
1226 382 1289 450 361

235 569 309 654 356.
331 568 485 653 μεγάλων]
513 573 572 633 τῶν
592 567 734 649 μεγάλων
754 564 976 652 interpolatum
998 563 1029 626 in
1053 563 1098 626 T.
1122 582 1160 624 ne
1182 580 1290 623 versus

191 685 272 735 esset
286 670 502 758 paroemiacua.

236 773 311 859 360.
334 772 414 854 μέγα
429 773 579 856 δουλείας]
599 772 680 835 Haec
695 769 791 834 verba
804 792 845 834 ex
858 769 1042 856 glossemate
1055 765 1212 853 adscripta
1225 786 1291 830 esse

195 873 383 940 videbantur
398 873 564 939 Schuetzio
578 873 610 937 in
626 871 761 936 editione
776 871 887 958 prima.

237 974 312 1059 362.
335 972 507 1058 γάγγαμον]
531 974 618 1037 Reae.
648 969 765 1035 Pollux
783 989 832 1047 10,
852 989 921 1055 132.
948 993 968 1034 a
993 969 1130 1034 Stanleio
1155 967 1289 1032 citatus:

197 1077 349 1157 Αἰσχύλος
369 1076 404 1139 τὸ
426 1078 573 1140 δύσλυτον
595 1075 696 1150 κακὸν,
718 1072 736 1155 ἢ
758 1077 932 1139 δύσελικτον
952 1073 1020 1156 ἔφη,
1044 1072 1202 1156 γάγγαμον
1223 1070 1293 1149 dms

196 1178 384 1241 παναλώτου.
403 1176 541 1265 Oppian.
556 1178 632 1242 Hal.
645 1195 677 1261 3,
694 1178 746 1242 80.
762 1176 930 1259 Γαγγάμοι,
945 1178 989 1258 ἠδ’
1004 1177 1115 1262 ὕποχα]
1128 1173 1292 1258 περιηγέες,

197 1281 250 1360 ἠδὲ
272 1285 410 1363 carinae
455 1279 549 1358 Quod
570 1280 610 1344 ad
633 1279 847 1367 metaphoram
868 1279 989 1360 attinet,
1009 1279 1149 1347 similiter
1173 1281 1293 1350 dictum

200 1383 294 1448 estin
309 1382 499 1448 Prometheo
512 1402 605 1463 1114.
622 1383 789 1463 άπέραντον
803 1383 921 1448 δίκτυον
934 1383 1016 1464 άτης.
1060 1384 1179 1449 Confer
1197 1385 1294 1452 histo-

199 1485 277 1550 riam
298 1486 339 1551 de
361 1485 532 1551 Timotheo
548 1508 599 1572 ap.
616 1485 711 1550 schol.
735 1484 898 1572 Aristoph.
921 1484 1010 1550 Plut.
1025 1488 1095 1552 180.
1119 1487 1295 1576 Ulpianum

201 1592 269 1671 (seu
291 1588 398 1676 potius
422 1588 585 1653 Zosimum
607 1587 831 1666 Ascalonitam,
857 1602 893 1652 ut
916 1588 1052 1653 ostendit
1073 1589 1231 1659 Dobraeus
1255 1593 1296 1659 ad

203 1692 313 1757 Krddii
342 1691 535 1757 Porsoniana
562 1714 594 1778 p.
618 1692 707 1777 387.)
734 1690 776 1755 ad
801 1689 966 1755 Demosth.
992 1689 1044 1757 01.
1068 1709 1096 1755 a.
1120 1715 1153 1780 p.
1175 1714 1229 1780 30.
1252 1699 1296 1760 A.

203 1795 378 1861 BLOMF.

245 1901 320 1985 364.
346 1896 494 1983 τείνοντα]
516 1899 655 1961 τείναντα
677 1896 794 1961 Aurati
815 1895 993 1982 conjectura
1014 1896 1055 1960 ab
1078 1895 1215 1962 Stanleio
1236 1921 1300 1964 me·

204 2015 331 2067 morata
375 1999 599 2086 “Aliquando
617 1998 817 2086 conjiciebam
834 2001 975 2063 τείναντα
994 1998 1096 2064 πάλιν.
1141 2001 1302 2068 Dicuntur

204 2107 276 2184 τόξα
292 2106 459 2169 παλίντονα
482 2100 578 2186 Soph.
595 2100 746 2166 Trachin.
760 2117 836 2186 520.
855 2099 922 2182 (ubi
944 2099 1048 2165 minus
1069 2116 1152 2168 recte
1172 2102 1302 2170 locutio-

205 2228 276 2271 nem
298 2204 444 2271 tractavit
465 2203 683 2290 Musgravius)
710 2205 840 2267 Homer.
866 2200 960 2266 Iliad.
982 2208 1023 2268 Θ.
1040 2205 1113 2268 266.
1135 2207 1301 2272 παλίντονα

205 2309 284 2389 βέλη
298 2307 415 2371 Noster
429 2304 697 2393 Choeph.1519.”
720 2306 895 2370 BLOMF.

248 2412 322 2496 365.
336 2411 411 2490 ὑπὲρ
426 2407 557 2491 ἄστρων]
574 2409 683 2472 Alam
697 2429 792 2494 quam
806 2416 842 2472 ut
857 2408 951 2472 telum
965 2409 1184 2474 Alexandrum
1192 2411 1304 2495 ferire

201 2517 313 2602 poscit.
337 2510 626 2575 WELLAUER.

251 2612 648 2701 3⁶7-384=385-402·

251 2717 649 2804 403-419=420-43⁶·

250 2820 649 2906 437-455=45⁶·-474·
1385 2878 1388 2882 r

252 2923 327 3007 367.
358 2918 610 3003 Διὸς-ἔκρανεν]
635 2920 729 2984 Jove
757 2921 865 3007 cupa
887 2920 1023 3008 plagam
1049 2921 1152 2985 dicere
1173 2935 1307 3009 poammt

215 3026 371 3111 Ίτεῄαυὶς
395 3045 421 3087 s.
434 3021 549 3086 hubam
561 3021 714 3108 proficto,
728 3041 787 3084 car
806 3021 896 3085 illam
916 3043 1011 3109 pamm
1032 3034 1218 3110 occeperunt
1235 3027 1307 3112 pla·

208 3148 288 3216 gom
309 3124 353 3188 ud
375 3124 487 3188 Jovem
509 3129 667 3186 auctorem
689 3120 850 3206 reserarem
876 3123 911 3185 im
929 3133 1060 3209 promta
1080 3128 1164 3189 mim
1185 3127 1241 3192 ltoc
1262 3138 1308 3193 eat

213 3228 417 3311 investigare.
442 3224 543 3291 SCH.

256 3331 380 3413 ἔχουσιν
395 3325 561 3392 Stanleius.
584 3324 685 3409 ἔχους’
702 3324 808 3412 vulgo.
833 3326 965 3410 έχουσαν
978 3342 1139 3394 euocatum
1154 3352 1194 3393 ex
1210 3329 1259 3394 Fl.

255 3432 328 3519 368.
344 3431 431 3495 τοΰτά
444 3427 489 3515 γ’]
504 3426 582 3493 τοῦτ’
597 3427 647 3493 Fl.

256 3536 331 3621 369.
347 3528 476 3615 ἔπραξεν
491 3530 706 3594 Hermannus.
751 3530 932 3617 Legebatur
947 3532 986 3598 ὡς
1000 3532 1136 3612 ἔπραξεν.

257 3636 310 3700 οὐκ
324 3631 571 3717 ἔφα-εὐσεβής]
588 3633 668 3696 Fuit
682 3642 798 3711 ίαυιονι,
813 3632 954 3719 quidem
968 3654 1019 3697 eoa
1033 3654 1147 3697 curare
1167 3647 1310 3722 negaret,

214 3739 270 3827 qui
287 3759 396 3802 remam
419 3745 606 3800 amiciorum
630 3749 662 3800 et
685 3736 917 3800 inviolabilium
940 3737 1033 3801 denia
1057 3738 1310 3814 οοοανίοαςοοαίς

215 3841 267 3904 ille
281 3861 355 3905 vero
364 3838 582 3926 4οὐιμίυοίυίί.
622 3837 686 3902 His
699 3838 802 3903 verbis
816 3861 879 3902 nou
893 3838 1020 3927 proprie
1032 3838 1214 3927 designetur
1228 3856 1313 3908 certa

216 3940 361 4029 quaedam
383 3963 413 4005 v.
432 3964 461 4006 e.
483 3938 607 4004 Paridis
627 3961 770 4027 persona,
793 3939 847 4004 sed
870 3940 1012 4005 universe
1034 3956 1183 4007 notantur
1203 3943 1234 4022 ii,
1258 3944 1314 4030 qui

216 4044 352 4109 divinam
367 4066 433 4108 esse
448 4041 611 4106 hominum
627 4064 734 4106 curam
746 4057 777 4106 et
788 4041 1314 4133 providentiam‚improborumque

216 4146 388 4210 facinorum
405 4144 555 4209 ultionem
571 4143 737 4230 negabant.
775 4143 890 4230 Itaque
905 4144 948 4210 sic
962 4168 1089 4232 quoque
1105 4161 1206 4211 vertas
1220 4147 1312 4212 lieet:

218 4250 366 4312 Fuerunt
378 4248 433 4334 qui
447 4255 603 4334 tugerent
619 4248 674 4309 dcc.
701 4246 800 4309 SCH.

259 4368 334 4436 374.
352 4349 507 4434 ἐγγόνους]
522 4348 624 4412 Recta
642 4348 742 4412 forma
762 4348 901 4430 έκγάνους
922 4349 1132 4436 superscripta
1151 4349 1183 4413 in
1207 4351 1248 4414 Τ.
1272 4348 1315 4414 le-

218 4451 327 4539 gitque
348 4448 522 4515 scholiasta.
569 4450 674 4515 Totus
695 4462 799 4514 autem
820 4449 871 4514 lric
885 4449 972 4516 locus
986 4453 1169 4538 374—380.
1184 4449 1314 4539 intelligi
