2984 5054
262 333 327 394 412
625 335 1004 400 ANNOTATIONES

264 499 312 565 rol
334 500 424 562 ἄλλοι
446 501 533 574 τινές,
549 499 603 566 τὸν
618 502 798 584 έπιμόρτυρα
816 502 997 581 ἐξεδέξαντο.
1042 499 1368 578 Butletus‚cum1n-

264 610 401 686 terprete
416 600 539 666 Gallico
553 603 738 668 vertendum
753 616 855 691 putat,
869 605 938 669 ltoec
958 625 1091 669 munera
1111 602 1282 688 hospitalia
1295 615 1369 665 ‘mo-

263 704 372 766 ritura
386 723 492 788 posco.
540 704 642 767 Schol.
658 704 794 792 explicat
808 728 864 791 per
879 711 1042 787 φιλιοΰμοι
1089 704 1282 790 Plerumque
1301 701 1366 789 sig-

264 803 370 868 nificat
384 804 520 892 hospilio
533 808 685 893 excipior.
708 808 882 872 BLOMF.

313 921 405 987 1322.
419 906 508 985 ῥῆσιν
522 902 553 990 ὴ]
569 905 681 970 Lectio
694 906 813 971 vitiosa.
835 907 940 988 ῥύσιον
956 908 1168 986 Ηεταιουουο.

312 1025 404 1091 1323·
421 1008 509 1086 αὐτῆς
524 1010 568 1072 Τ.
591 1010 679 1088 αὐτῆς
694 1009 799 1095 vulgo.

308 1108 398 1195 ἡλίῳ]
417 1108 623 1173 Scribendum
639 1111 725 1189 ἡλίου
739 1133 811 1174 cum
827 1113 851 1174 J
853 1109 986 1174 acobsio.

313 1228 405 1294 1325.
436 1212 555 1293 ἐχθροῖς
581 1217 708 1292 φονεῦσι
737 1218 798 1280 τοῖς
826 1215 908 1293 ἐμοῖς
935 1214 1028 1277 τίνειν
1053 1211 1139 1296 ὁμοῖν]
1165 1211 1272 1275 Locus
1296 1232 1365 1274 cor·

266 1326 390 1398 ruptus.

315 1412 402 1497 1328.
426 1412 465 1477 ἃν
480 1413 621 1496 τρέψειεν
640 1415 809 1479 Porsonus.
832 1414 1011 1498 ἃντρέφειεν
1024 1411 1132 1500 vulgo.
1155 1411 1306 1494 ἆυτρέψεί
1327 1412 1369 1476 δν

268 1512 462 1578 Schuetzius.

309 1622 451 1701 δυστυχεῖ
464 1618 632 1682 Porsonus.
657 1622 788 1704 δυστυχῇ
803 1617 909 1704 vulgo.
956 1618 1090 1680 Praestat
1110 1620 1262 1698 δυστυχοῖ,
1278 1615 1368 1701 quod

265 1718 372 1805 posuit
387 1718 599 1783 Blomiieldus.

312 1839 405 1905 1329.
424 1820 570 1905 σπόγγος]
585 1820 741 1907 Spongia,
757 1843 821 1906 qua
836 1835 954 1884 veteres
972 1819 1014 1883 ad
1035 1841 1156 1883 mensas
1170 1817 1220 1881 vel
1242 1814 1369 1882 tabulas

179 1991 182 1997 ,
266 1919 489 2006 abstergendas
512 1921 556 1984 uti
580 1921 730 1986 solebant.
753 1921 867 2008 Odyss.
883 1927 920 1985 A.
935 1941 1005 1985 111.
1028 1923 1057 1985 ol
1074 1920 1098 1984 δ’
1116 1921 1185 1985 arira
1203 1920 1369 2001 σπόγγοισι

265 2022 478 2104 πολυτρήτοισι
502 2022 647 2104 τραπέζας
668 2025 770 2099 Νίζον.
816 2025 932 2086 Sensus
954 2022 1050 2109 hujus
1071 2021 1130 2084 loci
1152 2020 1368 2085 subobscurus

266 2137 324 2189 est.
370 2123 509 2187 Schutaii
523 2123 738 2211 interpretatio
751 2123 819 2188 hac
833 2139 900 2188 est:
928 2125 1169 2210 Prosperitatcm
1189 2123 1240 2186 val
1252 2123 1369 2186 umbra

265 2227 408 2313 qualibet
427 2228 596 2290 everterit:
620 2225 665 2289 sin
688 2226 832 2289 adversm
845 2227 976 2308 suerint
996 2246 1059 2301 rea,
1074 2225 1204 2287 υιαιίῖιία
1223 2246 1294 2311 quae
1314 2226 1368 2288 ia·

255 2328 479 2416 jectafiaetit‚
494 2330 633 2416 spongia
646 2329 840 2414 scripturam
854 2327 955 2390 delet:
976 2326 1009 2390 h.
1020 2350 1050 2391 e.
1072 2325 1269 2390 adversitatis
1287 2324 1371 2390 adeo

265 2430 356 2495 facile
370 2429 509 2494 oblivisci
524 2429 623 2494 solent
638 2429 778 2494 homines
792 2444 828 2493 ut
842 2429 911 2514 ejus
925 2427 1084 2506 memoria,
1100 2442 1251 2514 tanquam
1271 2450 1369 2514 spon-

265 2533 318 2619 gia
344 2532 446 2597 deleta
475 2555 603 2620 prorsus
631 2546 804 2596 evanescat.
858 2529 975 2593 Melius
1000 2530 1168 2602 Butlerus;
1201 2553 1299 2616 quum
1327 2552 1368 2593 ex

267 2633 361 2697 rebus
375 2633 532 2721 prosperis
544 2633 576 2697 in
591 2632 737 2696 adversas
757 2632 828 2717 quis
849 2630 1001 2705 inciderit,
1017 2631 1118 2694 omnis
1139 2631 1251 2718 prioris
1272 2629 1370 2694 felici.

267 2733 350 2810 tatis,
366 2748 515 2818 tanquam
538 2732 667 2818 spongia
688 2731 838 2806 adbibita,
858 2731 1007 2796 memoria
1027 2731 1161 2796 deletur.
1206 2730 1369 2817 Equidem

266 2835 370 2898 locunt
393 2834 436 2897 sic
456 2832 653 2918 interpretari
672 2833 800 2905 malim;
825 2854 876 2897 τοι
895 2853 1067 2919 prosperas
1087 2833 1137 2897 vel
1149 2833 1263 2896 umbra
1277 2854 1369 2896 encr-

268 2938 353 3013 lerit‚
371 2949 406 2999 ut
420 2935 608 2998 mutationes
624 2933 715 2997 facile
735 2932 922 3006 admittant;
945 2935 982 2996 ῖιι
1003 2936 1148 2998 advertit
1168 2955 1242 2998 veru
1261 2936 1370 3014 redita,

267 3037 347 3101 sicut
361 3037 502 3123 spongia
516 3035 631 3098 tabula
644 3035 745 3098 lineat
755 3036 886 3121 pertitus
899 3035 1000 3099 delere
1013 3037 1102 3112 solet,
1117 3034 1161 3099 ita
1180 3035 1283 3099 omnis
1297 3059 1372 3123 spes

267 3139 429 3204 meliorum
445 3160 573 3224 prorsus
586 3136 739 3201 aboletur.
755 3137 786 3200 h.
796 3160 824 3200 e.
836 3159 885 3200 res
897 3159 1054 3223 prosperat
1067 3138 1099 3202 in
1115 3137 1261 3202 adversas
1274 3138 1371 3226 longe

266 3239 389 3304 facilius
411 3254 585 3317 mutantur,
608 3260 703 3323 quam
726 3238 757 3300 in
780 3260 946 3325 prosperas
967 3237 1126 3312 adversae;
1164 3255 1260 3325 atque
1281 3240 1372 3308 huna

269 3363 373 3406 rerum
402 3342 601 3406 adversarum
628 3354 744 3404 statum
775 3340 874 3425 magis
902 3338 1042 3426 deploro,
1067 3363 1162 3427 quam
1193 3341 1372 3406 instabilem

268 3443 482 3532 prosperitatis
503 3441 722 3507 conditionem.
767 3439 836 3519 Vel,
860 3441 885 3504 si
906 3441 1005 3505 mavis
1026 3465 1098 3507 cum
1122 3442 1254 3506 Butlero
1276 3443 1373 3507 inter-

268 3546 396 3634 pretari,
410 3548 628 3633 multomagis
642 3545 768 3628 deploro
781 3551 897 3607 rtatim
912 3564 1020 3606 rerum
1034 3544 1258 3618 humanarum,
1274 3568 1372 3632 quam

268 3650 384 3713 caedem
394 3649 472 3712 milti
484 3649 707 3711 imminentem.
754 3643 894 3707 Pictores
908 3642 948 3706 ad
964 3644 1080 3709 tabula
1096 3661 1215 3731 partem
1231 3646 1371 3732 aliquam

268 3773 374 3814 recens
393 3750 510 3835 pictam
530 3746 693 3811 delendam
717 3744 847 3830 spongia
870 3744 1049 3808 utebantur.
1072 3747 1186 3833 Eurip.
1202 3747 1278 3810 Hel.
1295 3765 1372 3830 270.

269 3850 320 3916 εἴτ’
337 3846 549 3930 έξαλειφθεῖσ’,
566 3850 605 3915 ὥς
626 3849 747 3930 ἄγαλμ’.
767 3846 822 3910 ubi
836 3846 1003 3911 Jacobsius
1022 3847 1097 3912 citat
1113 3848 1197 3912 Pelei
1212 3849 1373 3935 fragmen·

269 3968 355 4024 tumt
379 3951 443 4014 Τδν
457 3953 556 4028 ὄλβου
575 3952 662 4014 οὐδὲν
680 3950 808 4028 οὐδαμοῖ)
830 3951 918 4030 κρίνω
939 3955 1069 4030 βροτοῖς,
1087 3947 1150 4013 ’ον
1170 3949 1198 4031 γ’
1215 3954 1375 4034 ἐξαλείφει

268 4051 343 4133 ῥᾷον
356 4049 375 4130 ἢ
389 4048 500 4133 γράφει
514 4051 589 4116 θεός.
637 4047 775 4135 Spongia
796 4047 889 4112 etiam
911 4047 1095 4133 scripturam
1114 4049 1282 4125 delebant;
1306 4053 1374 4118 vid.

269 4155 400 4218 Suetou.
419 4154 505 4235 Aug.
522 4168 553 4228 a,
569 4151 620 4235 85.
668 4149 844 4215 Videndum
864 4161 983 4225 autem,
999 4173 1038 4213 an
1056 4173 1146 4216 voces
1160 4155 1232 4216 σιτία
1245 4168 1277 4217 et
1300 4181 1374 4237 γρα-

269 4254 331 4336 φήν
345 4251 438 4316 dicta
452 4251 514 4315 sint
527 4273 599 4315 cum
614 4251 752 4338 quodam
766 4268 909 4339 respectu
923 4249 965 4314 ad
981 4251 1137 4335 pictorum
1153 4259 1372 4337 σκιαγραφίαν.

270 4352 463 4419 lamblichus
476 4352 508 4416 in
524 4354 682 4441 Protrept.
699 4377 729 4440 p.
743 4371 797 4438 52.
811 4352 851 4417 <le
867 4351 931 4416 vita
945 4349 1094 4432 humana,
1109 4348 1229 4435 ἐὑρήσει
1244 4358 1318 4441 (τις)
1334 4362 1374 4423 τὸ

268 4461 411 4523 δοκοῦντα
431 4453 508 4520 εἶναι
525 4455 646 4537 μέγαλο
667 4463 728 4525 τοῖς
750 4457 924 4538 ἀνδρόπαις,
940 4451 1039 4517 πάντα
1060 4457 1134 4520 ὄντα
1155 4461 1373 4540 σκιαγραφίαν.
