2984 5054
241 341 306 404 sla
598 337 977 404 ANNOTATIONES

240 509 332 590 tinus,
348 509 501 592 σποράδην
521 509 693 575 introivisse
714 509 846 574 chorum
866 508 1044 586 Furiarum,
1065 507 1085 571 i.
1101 530 1128 572 e.
1152 528 1213 571 non
1235 507 1340 586 certis,

242 625 278 676 ut
292 610 418 675 solitum
432 625 511 689 erat,
526 610 689 675 ordinibus
702 611 901 690 instructum,
918 611 972 675 sed
992 609 1131 698 singulas
1149 609 1236 676 nullo
1254 626 1341 678 certo

240 710 366 777 ordine:
390 734 420 777 v.
436 713 611 777 Hermann.
626 735 659 800 p.
673 732 744 797 134.

285 1134 315 1183 2.
337 1114 402 1194 Τὴν
422 1116 626 1196 πρωτόμαντιν
645 1115 754 1202 Γαῖαν]
771 1114 943 1179 Pausanias
956 1132 1005 1192 10,
1019 1131 1052 1199 5,
1068 1135 1101 1199 5.
1123 1115 1201 1196 φασί
1223 1118 1280 1198 γὰρ
1302 1119 1339 1196 δὴ

239 1221 278 1284 rb
302 1219 484 1301 ἀρχαιότατα
505 1221 562 1296 Γῆς
584 1217 715 1282 εἶναιτὸ
737 1215 927 1299 χρηστήριον,
950 1216 998 1280 καὶ
1018 1215 1147 1297 Δάφνην
1163 1216 1337 1305 [Δόφνιδα]

241 1318 286 1384 ἔπ’
303 1320 380 1406 αύτῷ
401 1319 543 1403 τετάχθω
563 1320 726 1401 πρόμαντιν
744 1317 802 1381 ύπὸ
822 1321 872 1397 τῆς
887 1321 954 1397 Γῆς.
971 1315 1075 1382 Schol.
1090 1331 1204 1393 noster,
1221 1322 1339 1384 Μελαί-

240 1447 292 1502 νης
312 1423 345 1485 δὲ
367 1421 416 1484 καὶ
438 1425 636 1494 Ποσειδῶνος,
659 1420 791 1501 Δελφός·
818 1417 870 1501 ἀφ’
892 1419 926 1482 οὗ
948 1421 978 1482 ol
997 1420 1126 1500 Δελφοί.
1152 1418 1338 1485 Scholiastes

241 1521 460 1609 Lycophronis
475 1525 548 1606 767.
563 1524 653 1587 ἄλλοι
667 1521 701 1586 δέ
719 1530 796 1603 φασι
811 1521 952 1602 Δελφοὺς
971 1523 1114 1599 κληθῆναι
1133 1520 1193 1584 ἀπὸ
1209 1520 1337 1604 Δέλφου

239 1625 304 1688 stat
318 1630 508 1692 [lacertosos
523 1626 572 1690 καὶ
586 1623 766 1690 Μελάνθονς
779 1627 830 1702 τῆς
845 1623 1054 1690 Δενκαλίυνος
1068 1624 1221 1704 θυγατρός.
1251 1624 1336 1702 Quin

239 1724 311 1789 vide
332 1748 405 1812 quae
428 1725 470 1790 ad
492 1750 523 1790 v.
543 1728 591 1790 16.
618 1726 766 1790 dicemus.
811 1726 884 1803 Qua
907 1724 1026 1788 ratione
1048 1723 1165 1788 oraculi
1189 1725 1336 1812 Delphici

238 1808 363 1891 initium
384 1827 494 1891 Terras
515 1826 611 1892 fuerit
631 1826 830 1903 attributum,
845 1847 883 1889 ex
900 1823 994 1889 Diod.
1010 1825 1116 1889 Siculo
1130 1828 1180 1903 16,
1198 1840 1249 1912 25.
1263 1849 1338 1892 con-

233 1926 331 2012 jicere
346 1940 403 2005 est,
419 1927 474 1991 ubi
489 1951 553 2015 qua
567 1927 725 1992 occasione
738 1927 901 1993 inventurn
915 1942 963 1993 est
976 1927 1081 1992 refert.
1127 1930 1209 1993 Erat
1222 1929 1338 1995 scilicet

239 2028 384 2115 primitus
399 2044 489 2093 terrae
508 2028 624 2106 hiatus,
639 2029 691 2093 cui
711 2029 766 2116 qui
783 2029 1080 2116 appropinquabant
1101 2029 1209 2095 divino
1229 2032 1337 2097 furore

238 2129 497 2216 corripiebantur,
513 2129 548 2194 δι’
565 2131 599 2199 ἃς
618 2133 712 2199 αίτίος
734 2135 938 2211 θαυμασθῆναι
960 2134 1027 2195 τότε
1054 2130 1102 2216 [τε
1126 2132 1173 2217 τὸ]
1195 2141 1337 2213 μαντεῖον

240 2231 288 2296 καί
303 2236 478 2312 νομισθῆναι
491 2236 542 2312 τῆς
557 2236 615 2311 Γῆς
630 2233 706 2299 εἶναι
720 2232 754 2296 τδ
768 2231 956 2316 χρηστήριον.
981 2233 1081 2296 Ροττο
1095 2256 1168 2319 quae
1184 2235 1338 2323 AEschylo

192 2340 202 2355 ‘
238 2336 439 2415 προτόμαντις
461 2340 541 2416 γαῖα,
565 2333 699 2421 Virgilio
719 2334 820 2421 prima
842 2333 955 2399 Tellus
976 2334 1102 2412 dicitur,
1125 2337 1200 2399 AEn.
1216 2357 1249 2415 4,
1267 2341 1336 2402 166.

240 2436 357 2500 Verum
379 2435 465 2521 quod
486 2435 658 2524 AEschylus
681 2438 802 2514 Terrae,
824 2435 855 2499 id
878 2449 988 2500 auctor
1009 2438 1184 2523 argumenti
1203 2439 1336 2526 Pythio-

238 2560 309 2602 rum
334 2537 462 2602 Pindari
485 2537 579 2602 Nocti
602 2538 730 2603 tribuit:
756 2538 820 2603 εἶτα
842 2539 962 2621 ἔρχεται
982 2537 1125 2625 (Apollo)
1145 2541 1193 2604 ἐπὶ
1206 2540 1241 2604 τδ
1260 2567 1335 2621 μαν-

237 2647 328 2714 τεῖον,
346 2642 380 2704 ἐν
394 2637 417 2725 ql
431 2641 531 2721 πρότη
547 2638 615 2718 Νὺξ
633 2638 874 2726 έχρησμηίδησεν,
892 2639 957 2703 εἶτα
973 2639 1076 2720 Θέμις.
1123 2640 1213 2706 Idem
1231 2653 1336 2706 tamen

238 2755 309 2829 post
328 2763 438 2828 pauca,
460 2741 596 2826 μητρῷον
618 2744 661 2819 δὲ,
682 2743 727 2805 ότι
745 2745 803 2820 Γῆς
825 2744 890 2806 έστι
911 2743 945 2807 τὸ
966 2749 1117 2823 μαντεῖον.
1140 2743 1276 2808 Tzetzes
1294 2745 1337 2809 ad

240 2842 401 2929 Lycophr.
417 2861 491 2908 μοι.
509 2841 600 2906 etiam
624 2845 762 2907 Saturno
780 2843 908 2909 tribuit:
932 2844 966 2908 τὸ
988 2846 1023 2909 έν
1038 2851 1174 2927 Δελφοῖς
1194 2854 1336 2925 μαντεῖον

237 2948 383 3029 πρότερον
396 2951 449 3010 τοῦ
465 2947 589 3027 Κρόνου.
618 2947 717 3010 Ηυυο
729 2946 872 3035 AEschyli
887 2946 989 3011 locum
1005 2946 1141 3034 respexit
1157 2949 1336 3036 Harpocra-

237 3049 302 3112 tion
317 3047 350 3111 in
366 3070 440 3112 voce
455 3049 662 3127 Θεμιστεύειν·
686 3050 732 3113 ότι
754 3052 787 3113 δὲ
808 3049 919 3132 γέγονε
938 3048 972 3112 τδ
988 3051 1083 3130 ὄνομα
1097 3051 1156 3115 ἀπὸ
1170 3056 1223 3115 τοῦ
1238 3051 1336 3132 Θέμιν

238 3148 400 3234 έσχηκέναι
420 3151 493 3214 ποτὲ
514 3148 549 3212 τὸ
570 3156 711 3230 μαντεῖον
732 3149 790 3232 πρὸ
812 3154 863 3214 τοῦ
883 3151 980 3230 ἡλίου,
996 3152 1150 3235 Αἰσχύλος
1171 3154 1337 3235 ἀρχόμενος

237 3258 297 3318 τόν
322 3253 492 3333 Εὐμενίδων
517 3253 602 3334 φησί.
647 3254 712 3316 Pro
741 3254 828 3332 ἡλίου
858 3251 983 3338 legerim
1011 3254 1136 3333 Φοίβου.
1165 3254 1334 3320 STANL.

239 3356 311 3420 Imo
323 3354 525 3433 Ἀπόλλωνος,
540 3352 627 3440 quod
641 3375 726 3418 nunc
741 3376 779 3417 ex
795 3352 900 3418 codice
915 3354 1104 3419 restitutum.

280 3458 391 3546 Θέμιν]
414 3457 576 3524 Diodorus
597 3475 631 3539 5,
654 3458 705 3538 67.
729 3455 827 3535 Θέμιν
848 3457 881 3520 a
902 3461 1105 3539 μυθολογοῦσι
1125 3459 1266 3537 μαντείας
1288 3460 1337 3524 καὶ

236 3564 341 3630 θυσίας
370 3563 418 3626 καὶ
444 3559 572 3640 θεσμοὺς
597 3558 664 3625 τοὺς
687 3558 754 3638 περὶ
779 3562 838 3620 τῶν
863 3562 940 3622 θεῶν
963 3559 1082 3639 πρότην
1107 3559 1335 3641 εἰσηγήσασθαι.

236 3663 424 3751 Apollodor.
439 3683 467 3743 1,
482 3682 514 3743 4.
528 3659 690 3725 Ἀπόλλων
704 3660 738 3723 δὲ
755 3658 810 3738 τὴν
827 3658 970 3739 μαντικὴν
988 3661 1091 3739 μαθδν
1105 3663 1185 3742 πορδ
1204 3665 1257 3724 τοῦ
1270 3667 1336 3725 Πο-

237 3765 289 3834 νδς
304 3772 355 3829 τοῦ
371 3766 443 3834 Διὸς
457 3766 506 3829 καὶ
521 3763 696 3844 Θύμβρεως,
711 3760 783 3840 ἧκεν
800 3763 843 3828 είς
854 3762 1005 3843 Δελφοὺς,
1021 3764 1254 3847 χρησμῳδούσης
1267 3763 1336 3828 τότε

237 3866 377 3947 Θέμιδος.
415 3866 502 3930 Hinc
516 3864 572 3929 lux
589 3861 760 3949 Hesychio,
777 3861 921 3942 Θέμησις·
945 3865 1115 3942 δικαιοσύνη
1129 3866 1211 3945 πορδ
1226 3865 1334 3949 Πυθίη.

237 3969 314 4033 Ηυυ
329 3967 421 4031 ctiam
440 3981 559 4054 spectat
573 3965 658 4054 quod
674 3963 788 4029 heroici
809 3963 954 4028 carminis
973 3963 1097 4029 initium
1117 3964 1144 4029 ei
1168 3965 1333 4030 tribuatur.

236 4067 336 4134 Clem.
358 4068 448 4132 Alex.
466 4071 580 4133 Strom.
594 4088 620 4132 1.
637 4090 669 4154 p.
688 4067 761 4131 226.
772 4063 842 4128 Ἔτι
856 4066 933 4146 φασδ
953 4065 987 4128 τδ
1004 4067 1102 4150 ἡρῷον
1119 4066 1154 4130 τὸ
1176 4067 1336 4149 ἑξάμετρον

235 4167 395 4234 Φανοθέαν
409 4169 464 4248 τὴν
477 4175 603 4252 γυναῖκα
618 4167 755 4248 Ἰκαρίου,
771 4168 801 4229 ol
822 4167 855 4229 δὲ
878 4164 976 4244 Θέμιν
997 4167 1069 4246 μίαν
1091 4173 1149 4231 τῶν
1170 4170 1336 4235 Τιτανίδων

236 4272 341 4354 εύρεΐν.
366 4271 522 4335 Themist.
539 4273 626 4335 Orat.
641 4287 692 4349 24.
707 4290 739 4354 p.
750 4281 825 4351 305.
843 4269 882 4330 Al
896 4265 1022 4347 Χάριτες
1037 4269 1085 4331 καὶ
1100 4274 1247 4350 φοιτῶσαι
1261 4269 1335 4351 πρὸς

234 4372 289 4455 τὴν
304 4373 411 4454 Θέμιν,
425 4375 505 4439 οὔπω
519 4376 578 4456 γδρ
593 4371 658 4454 εἶχε
673 4368 815 4450 Δελφοὺς
827 4366 996 4432 Ἀπόλλων.
1025 4369 1192 4438 STANL.
1238 4370 1334 4435 Conf.

234 4490 340 4542 annot.
355 4475 396 4542 ad
412 4474 573 4542 Prometh.
592 4491 666 4557 209·
