2984 5054
246 325 311 392 614
605 329 983 394 ANNOTATIONES

286 517 361 581 550.
378 498 472 562 Λύδια
488 500 590 562 Turn.
609 498 718 586 Steph.
741 503 839 583 Λύγια
853 500 973 565 codices
988 514 1019 564 et
1035 499 1113 565 Ald.
1129 497 1214 564 Rob.

285 624 318 664 τε
333 601 445 684 γίαλα]
464 601 563 665 Metri
579 602 689 665 vitium
707 601 896 667 Klausenius
911 601 954 667 sic
969 601 1104 666 correxit
1114 616 1150 666 ut
1164 600 1189 666 r’
1200 603 1232 669 ές
1247 604 1355 684 γύαλα

244 701 400 767 scriberet.

284 825 304 889 5
306 824 360 890 51.
377 805 519 888 Κιλίκων]
539 807 665 870 κυλίκων
681 805 789 871 Guelf.
805 805 883 870 Ald.
901 806 1006 870 Turn.

285 922 360 991 552.
375 932 408 970 τε
424 905 591 970 Heathius.
614 932 647 970 τε
667 908 740 990 γένη
759 906 841 970 libri.
886 907 1064 972 Delendum
1077 906 1166 972 colon
1183 922 1252 994 post
1267 913 1351 990 διορ-

242 1008 362 1086 νυμένα.
409 1008 547 1071 Verbum
576 1031 648 1071 cum
676 1008 734 1072 hoc
756 1008 919 1097 participio
941 1008 1185 1074 construendum
1209 1009 1287 1074 latet
1315 1011 1347 1074 in

242 1130 273 1170 V·
286 1125 363 1193 554·

284 1225 358 1296 553.
380 1213 440 1293 πὰρ
463 1211 676 1286 Robortellus,
700 1213 791 1299 cujus
812 1213 843 1276 in
866 1212 1002 1278 editione
1022 1211 1183 1299 tripliciter
1202 1215 1347 1299 peccavit

242 1312 415 1399 typothetu.
461 1316 544 1377 Nam
573 1314 604 1377 in
633 1330 721 1378 textu
747 1336 898 1379 excusum
928 1318 971 1379 πὸ
994 1313 1103 1379 relicto
1126 1313 1219 1378 unius
1242 1315 1347 1400 spatio

240 1413 350 1491 literae,
371 1415 402 1478 in
427 1417 610 1503 praefatione
631 1439 705 1480 vero
727 1417 825 1481 codex
849 1421 908 1499 πάρ
935 1416 1114 1504 praebuisse,
1139 1415 1346 1482 Robortellus

240 1539 315 1580 vero
329 1521 389 1582 πὰν
404 1519 568 1604 conjecisse
582 1518 705 1582 dicitur.
751 1519 957 1584 Manifestum
981 1536 1027 1584 est
1042 1519 1260 1584 Robortellum
1282 1524 1344 1602 πὰρ

241 1620 414 1706 conjecisse,
435 1621 571 1685 codicem
594 1645 668 1686 vero
690 1645 751 1686 non
774 1626 845 1701 πᾶν,
864 1622 919 1686 sed
941 1626 996 1687 τὰν
1018 1622 1203 1699 exhibuisse,
1222 1622 1255 1684 in
1276 1645 1345 1708 quo

240 1724 437 1788 consentiunt
453 1727 502 1788 M.
520 1727 591 1788 Par.
611 1724 686 1788 Ald.
702 1725 770 1792 τοὺς
784 1723 1012 1810 interpolarunt
1027 1726 1131 1788 Turn.
1148 1739 1180 1787 et
1195 1723 1308 1810 Steph.

283 1823 306 1888 δ’
323 1841 406 1888 recte
420 1849 482 1890 om.
500 1827 608 1891 Guelf.
625 1826 703 1891 Ald.
720 1829 824 1891 Turn.

283 1927 407 1993 ἀενάους
421 1929 472 1990 Μ.
488 1928 571 1992 Rob.
595 1928 739 1996 ἀεννάους
753 1928 823 1993 libri
840 1929 961 2015 reliqui.

281 2045 355 2114 554.
377 2031 424 2093 καὶ
438 2033 650 2109 βαθύπλουτον
664 2031 774 2117 χθόνα]
792 2033 911 2096 Utrum
936 2030 994 2094 hoc
1016 2031 1156 2118 epitheto
1178 2054 1276 2097 unum
1300 2057 1342 2100 ex

238 2131 342 2218 regnis
359 2132 425 2216 jam
446 2148 537 2195 antea
556 2133 721 2197 nominatis
738 2133 929 2218 designetur,
947 2156 975 2196 v.
990 2156 1016 2196 c.
1037 2132 1152 2219 Lydia,
1168 2134 1210 2197 oh
1224 2135 1341 2200 aurifo-

239 2233 337 2314 dinas,
352 2257 390 2298 an
409 2257 488 2298 nova
503 2235 652 2298 innuatur
667 2235 761 2320 regio,
777 2235 818 2298 ad
837 2257 931 2321 quam
949 2237 989 2298 Io
1010 2235 1194 2321 pervenerit,
1210 2236 1341 2303 definire

238 2361 300 2401 non
315 2338 425 2401 ausim.
472 2338 505 2401 Si
526 2360 618 2415 nova,
636 2337 685 2400 vix
702 2336 771 2415 alia,
787 2359 881 2423 quam
899 2337 1048 2401 Phoenice
1062 2337 1192 2424 intelligi
1212 2341 1341 2426 poterit,

238 2440 279 2504 ob
294 2440 419 2504 divitias
433 2463 473 2504 ex
488 2455 671 2504 mercatura.
697 2440 795 2503 SCH.

282 2544 330 2607 καί
354 2549 406 2609 τᾶς
428 2544 607 2624 Ἀφροδίτας
627 2544 799 2622 πολύπυρον
821 2540 904 2625 αἶαν]
930 2540 991 2605 Cui
1015 2539 1065 2604 hic
1092 2563 1153 2605 non
1177 2562 1341 2610 succurrat

240 2646 367 2731 Cyprus
388 2649 495 2729 (νᾶσος
513 2651 565 2711 τᾶς
583 2644 771 2726 Ἀφροδίτας,
789 2643 903 2729 Eurip.
921 2641 1036 2707 Bacch.
1054 2666 1084 2706 v.
1099 2649 1192 2726 400.)
1209 2646 1341 2712 Veneris

236 2745 322 2811 cultu
339 2761 370 2810 et
385 2769 506 2810 summa
520 2744 678 2809 fertilitate
701 2744 925 2809 celeberrima?
971 2746 1122 2821 Quaenam
1145 2745 1228 2809 eninr
1250 2749 1339 2834 regio

235 2846 268 2910 in
282 2847 370 2911 Asiae
385 2848 562 2910 continente
583 2847 626 2911 sic
648 2847 780 2912 describi
802 2847 941 2933 potuerit
961 2870 981 2911 a
1003 2862 1106 2933 poeta,
1123 2870 1214 2912 nemo
1235 2850 1338 2936 expli·

234 2949 326 3013 cavit.
366 2947 550 3011 Scholiastes
565 2948 692 3033 quidem
709 2948 853 3035 intelligit
870 2950 1050 3027 Phoeuiren,
1066 2949 1185 3014 addens
1199 2950 1236 3030 ἣν
1252 2955 1338 3034 ίερᾶν

233 3049 411 3133 Ἀφροδίτης
426 3051 502 3132 φησί
516 3055 564 3114 διὰ
580 3053 701 3131 Βύβλον
716 3053 764 3116 καὶ
778 3054 924 3131 Λίβανον.
970 3050 1033 3115 Sed
1052 3051 1110 3115 hoc
1131 3066 1179 3116 est
1199 3055 1338 3139 optantis

233 3152 447 3239 potiusquam
463 3152 611 3219 docentis.
656 3151 774 3231 Quidni
789 3170 894 3218 autem
911 3153 1082 3241 AEschylus
1097 3155 1208 3218 Ionem
1225 3155 1266 3221 ab
1280 3180 1337 3221 ora

233 3255 405 3321 Phoeniciae
427 3256 563 3342 primum
580 3258 735 3342 Cyprum,
756 3255 869 3320 deinde
892 3256 931 3319 ab
953 3255 1011 3320 hac
1033 3256 1136 3321 insula
1151 3258 1335 3346 AEgyptum

233 3369 438 3423 transvectam
454 3382 520 3422 esse
534 3358 682 3422 finxerit?
707 3360 806 3422 SCH.

274 3462 349 3545 556.
366 3461 582 3545 εἰσικνουμένη]
599 3459 787 3546 Legendum
804 3459 1024 3539 είσικνονμένον
1038 3484 1076 3525 ex
1092 3462 1142 3524 M.
1160 3464 1232 3526 Par.
1248 3463 1334 3526 Rob.

232 3562 318 3648 quod
348 3562 378 3624 in
409 3562 489 3626 libro
518 3562 636 3626 exstitit
666 3562 847 3641 scholiastae,
872 3565 995 3626 ἱκνεῖται
1024 3566 1056 3627 δὲ
1085 3567 1151 3628 δῖον
1176 3565 1334 3645 πάμβοτον

231 3667 335 3739 άλσος,
351 3670 404 3729 τοῦ
419 3669 538 3747 οἴστρου
553 3671 592 3752 τῷ
609 3667 718 3753 κέντρῳ
733 3668 824 3746 αὐτὴν
839 3672 1063 3748 διοτρυπῶντος.

272 3768 363 3847 βέλει
376 3769 526 3847 βουκόλον
542 3766 730 3856 πτερόεντος]
750 3770 778 3831 I.
794 3791 823 3831 e.
839 3768 931 3832 nestri
948 3768 1083 3831 stimulo.
1108 3769 1210 3832 SCH.

272 3870 347 3954 558.
369 3871 626 3954 Δῖον-ἄθικτον]
647 3870 804 3935 Omnibus
826 3870 908 3934 hisce
930 3869 1076 3956 epithetis
1098 3870 1187 3934 unice
1203 3871 1331 3957 AEgyp-

229 3984 298 4035 turn
321 3970 452 4033 describi
474 3985 593 4034 certum
617 3988 671 4035 est.
695 3977 760 4036 δῖον
774 3971 931 4053 πάμβοτον
950 3973 1044 4038 ἄλσος
1063 3986 1150 4036 notat
1171 3971 1332 4058 planitiem

228 4089 260 4139 et
280 4072 470 4136 fertilitatem
495 4073 642 4160 AEgypti.
668 4079 800 4152 λειμῶνα
820 4078 1023 4156 χιονόβοσκον
1044 4073 1171 4161 respicit
1192 4072 1332 4137 exunda-

134 4176 136 4180 ’
228 4175 342 4239 tionem
365 4174 433 4239 Nili
453 4198 491 4239 ex
515 4175 640 4238 nivibus
659 4175 832 4261 AEthiopiae
854 4173 1007 4239 resolutis.
1031 4182 1125 4258 Τυφῶ
1146 4176 1236 4257 μένος
1258 4197 1330 4262 per-

228 4275 307 4339 tinet
327 4275 496 4340 adventus
516 4275 632 4340 calidos
655 4276 756 4339 nivem
779 4275 939 4340 solventes.
987 4277 1038 4341 Sic
1054 4276 1186 4341 Hesiod.
1205 4277 1330 4363 Theog.

225 4376 280 4442 Ἐκ
295 4381 327 4442 δὲ
341 4380 484 4461 Τυφωέος
499 4379 559 4444 ἔστ’
574 4380 692 4459 ἀνέμων
704 4380 795 4460 μένος
809 4379 900 4462 ὑγρὸν
916 4380 1039 4444 άέντων.
1065 4381 1166 4445 SCH.

267 4496 341 4565 559.
364 4487 496 4562 λειμῶνα
517 4482 731 4567 χιονόβοσκον]
747 4481 887 4548 Celebris
903 4482 966 4548 fuit
985 4481 1187 4568 antiquorum
1209 4483 1329 4571 opinio,
