2984 5054
538 358 607 422 AD
631 359 898 425 SUPPLICES.
1205 358 1271 427 589

168 522 258 586 Hero
273 522 359 609 apud
376 524 536 589 Musaeum
552 548 584 589 v.
601 542 670 610 179.

294 675 452 757 Ἀμφαθόν
466 677 500 741 οὗ
514 677 686 758 δυνάμεσθα
701 677 807 760 γάμοις
820 680 933 743 άσῖοισι
947 679 1109 744 πελάσσαι·

296 779 342 842 Οὔ
356 781 414 860 γὰρ
430 781 511 859 ἐμαῖς
525 780 684 845 τοκέεσσιν
699 782 855 845 ἑπεόαδεν.

167 946 335 1010 STANL.
381 946 552 1012 Scholiasta
565 950 647 1029 παρὰ
663 947 774 1027 πατρὸς
788 948 921 1016 ἄκοντος.
966 950 1040 1012 Ηοο
1061 947 1164 1035 ipsum
1186 964 1268 1013 recte

165 1047 301 1113 restituit
316 1048 490 1135 Burgesius
504 1050 628 1116 ἄκοντος
641 1050 762 1130 πατρός.

210 1151 283 1215 228.
297 1150 338 1230 μὴ
351 1149 394 1237 ’ν]
410 1151 470 1231 μὴν
485 1152 534 1213 Μ.
552 1150 661 1214 Gueif.
678 1149 754 1214 Atd.
771 1152 854 1216 lton.

211 1268 284 1334 229.
308 1252 447 1336 μάταιον]
476 1251 587 1317 Lectio
607 1251 727 1317 vitiosa.
759 1256 893 1333 ματαίαν
917 1253 1112 1319 Schuetzius.
1144 1254 1268 1335 μάταιος

168 1351 336 1415 Stanleius.

211 1472 283 1537 230.
305 1452 542 1534 τάμπλακήμαθ,
559 1455 609 1540 ὡς]
629 1455 680 1520 Sic
696 1456 817 1543 steph„
833 1456 890 1519 nisi
905 1455 992 1542 quod
1007 1455 1212 1537 τάπλακήμαθ’
1228 1458 1267 1524 ὡς

166 1555 297 1642 scripsit.
333 1555 424 1619 Idem
439 1555 471 1620 in
486 1571 591 1620 annot.
608 1565 630 1596 “
641 1555 856 1637 τόπλακὴμαθ,
873 1558 920 1623 ὡς.
953 1555 1003 1620 Sic
1021 1571 1204 1622 annotatum
1219 1573 1267 1623 est

165 1678 205 1720 ex
230 1656 347 1730 veteri;
378 1671 409 1721 et
433 1657 560 1743 optime,
585 1680 655 1722 meo
677 1658 803 1744 quidem
826 1658 959 1745 jndicio,
982 1659 1076 1723 modo
1104 1658 1213 1723 addito
1235 1659 1267 1740 μ’

165 1758 289 1845 legatur
312 1759 551 1840 άμπλακήμαθ.”
587 1770 688 1825 ταπλα
712 1764 746 1827 ἐν
768 1788 867 1843 μοκως
893 1763 943 1826 Μ.
974 1787 1012 1826 τα
1039 1770 1103 1826 πλα
1128 1770 1267 1842 ενμαβως

166 1862 250 1927 Rob.
281 1866 382 1926 ταπλᾶ
405 1864 480 1943 opt
502 1863 541 1930 ὡς
559 1863 667 1928 Guelf.
698 1865 799 1928 τθπλᾶ
821 1862 956 1945 ἔγμόβας
979 1863 1055 1928 Ald.
1089 1863 1266 1945 ταπλόκημα

163 1966 224 2042 βὰς
238 1966 341 2028 Turn.

209 2083 282 2150 231.
299 2067 374 2133 Ζεὺς
388 2067 483 2135 άλλος
498 2069 532 2131 ἐν
547 2068 704 2153 καμοῦσιν]
720 2070 757 2131 V.
773 2068 813 2132 ad
829 2090 859 2132 v.
874 2070 946 2153 156.

210 2184 284 2249 232·
301 2168 453 2253 σκοπεῖτε]
469 2175 633 2234 σκοπεῖσθε
646 2169 729 2234 Rnb.

210 2269 392 2347 κάμείβεσθε
412 2271 500 2334 τάνδε
521 2271 574 2335 τὸν
590 2271 695 2356 τόπον]
715 2270 944 2358 Corrigendum
961 2272 1072 2352 τρόπον
1085 2291 1156 2333 cum
1174 2271 1264 2333 Stan-

164 2368 236 2448 leio,
254 2378 284 2432 et
306 2370 387 2432 λιστα
408 2371 444 2432 ιἰι
465 2371 589 2434 modum
611 2372 802 2457 respondete,
818 2393 930 2458 nempe
944 2391 1038 2456 quem
1063 2393 1093 2434 v.
1107 2386 1179 2454 195.
1194 2392 1263 2456 sqq.

165 2470 202 2535 iis
223 2471 398 2557 praeiverat,
415 2471 470 2536 ubi
489 2472 670 2551 ἀμείβεσθαι
690 2471 797 2536 eodem
822 2495 912 2536 sensu
935 2471 1119 2559 ponebatur.
1164 2473 1210 2535 Et
1232 2470 1264 2535 in

165 2574 249 2662 ipsis,
265 2597 338 2660 quae
359 2589 550 2661 postremum
573 2573 713 2639 elocutus
726 2589 803 2651 erat,
820 2573 922 2639 verbis
943 2597 974 2637 v.
990 2591 1171 2657 225—229.
1191 2595 1266 2660 pars

163 2677 310 2763 quaedam
326 2678 503 2742 continetur
518 2699 638 2752 eornm,
655 2700 728 2763 quae
744 2675 902 2741 Danaides
919 2674 1106 2762 respondere
1127 2691 1265 2761 possent,

164 2779 204 2843 ad
219 2803 343 2845 causam
358 2803 448 2865 suam
465 2780 658 2865 Argivorum
676 2778 741 2864 regi
754 2777 1043 2843 commendandam.
1068 2774 1161 2862 Vulg.
1172 2777 1264 2841 lectio

163 2882 249 2945 τόνδε
271 2882 324 2945 τὸν
338 2883 430 2945 τόπον
446 2880 609 2966 significat,
624 2889 653 2944 et
675 2880 758 2944 Ιιαιια
779 2880 880 2944 boram
901 2901 972 2944 cum
992 2880 1057 2943 olio
1072 2889 1264 2966 permutatis,

163 2983 203 3045 ob
218 2984 273 3045 Ιιοο
286 2984 350 3045 Ζοοο
364 2983 531 3054 όόοσοόῖιος
556 2980 642 3067 quod
666 2981 769 3046 Danai
789 2981 917 3046 consilio
939 3004 970 3046 v.
990 2983 1060 3068 189.
1077 3001 1150 3068 223.
1172 2981 1265 3070 plane

164 3097 243 3145 esset
256 3081 457 3146 contrarium.
484 3084 584 3146 SCH.

208 3201 280 3266 234.
296 3182 451 3261 ὰνέλληνα
466 3183 593 3270 στόλον]
609 3182 728 3247 Inutile
740 3198 786 3247 est
802 3186 925 3262 στόλον,
938 3200 1092 3248 remotum
1104 3208 1124 3248 a
1135 3185 1264 3265 Bothio,

164 3283 220 3370 qui
235 3283 266 3347 in
282 3283 417 3346 editione
432 3285 535 3370 prima
549 3284 682 3348 correxit
696 3286 969 3364 ἀνελληνόστολον.
992 3285 1045 3349 τὸν
1060 3286 1116 3369 οὐχ
1125 3284 1266 3367 Ἕλληνα

165 3388 240 3449 κατὰ
255 3384 368 3462 στολὴν
382 3383 606 3470 interpretatur
620 3385 795 3449 scholiasta.

208 3505 280 3570 235.
303 3486 488 3570 πυκνώμασι]
513 3486 621 3549 Vestes
635 3485 751 3571 spatha
773 3495 877 3562 tertre,
893 3486 934 3550 ob
956 3486 1153 3565 densitatem,
1168 3511 1264 3574 quam

164 3587 237 3650 inde
258 3587 541 3672 consequebantur,
556 3589 735 3667 πυκνόματα
749 3586 842 3650 diotae
863 3610 916 3673 ap.
934 3586 1045 3652 AEsch.
1063 3588 1173 3675 Suppl.
1191 3611 1264 3672 244.

163 3689 249 3774 quod
266 3712 377 3775 nempe
390 3688 505 3768 σπάθης
515 3688 631 3752 crebris
645 3687 769 3766 ictibus,
782 3712 806 3752 s.
819 3696 957 3770 πληγαῖς,
971 3704 1007 3753 ιιι
1017 3689 1105 3776 apud
1119 3690 1264 3756 eumdem

164 3792 275 3856 AEscb.
292 3789 435 3876 Choeph.
454 3809 525 3875 232.
549 3790 680 3872 (σπάθης
701 3816 733 3855 τε
755 3791 897 3873 πληγάς),
921 3791 1084 3855 subtemen
1107 3807 1266 3857 texeretur

163 3918 199 3958 ac
221 3898 350 3958 όσιιοιιια
378 3893 451 3957 inde
474 3894 572 3958 fieret.
617 3893 704 3957 Hinc
730 3894 905 3980 Hesychio‚
928 3894 983 3980 qui
1008 3893 1049 3957 ad
1072 3909 1264 3981 postremum

162 3996 248 4059 hunc
263 3994 372 4082 tragici
388 3995 491 4058 locum
507 3993 550 4059 ibi
566 3994 693 4058 omnino
704 3994 847 4082 respicit:
872 3996 1026 4075 Σπάθημσ
1041 3997 1194 4075 πύκνωμα,
1206 3997 1266 4061 άπὸ

163 4103 222 4161 τῶν
237 4104 301 4164 ταῖς
315 4096 444 4164 σπάθαις
459 4098 701 4178 κατακρονόντων
715 4098 751 4160 τὰ
765 4097 834 4178 ὕφη.
881 4097 1005 4176 Quibus
1019 4097 1101 4163 adde
1112 4096 1208 4162 schol.
1224 4098 1265 4162 ad

165 4195 305 4259 Acheru.
324 4216 396 4281 179.
420 4200 542 4262 Στιπτοὶ
563 4198 712 4280 γέροντες,
729 4199 795 4261 ἀντὶ
816 4204 869 4264 τοῦ
886 4201 1002 4263 πυκναί·
1027 4202 1138 4280 εἴρηται
1159 4200 1192 4260 tt
1207 4197 1266 4261 άπὸ

164 4303 223 4361 τῶν
261 4296 403 4376 ἐσθήτων,
435 4301 543 4365 αἵτινες
570 4302 752 4380 ὑφανθεῖσαι
782 4303 824 4369 εἰς
855 4303 1023 4378 πυκνότητα
1052 4297 1265 4364 συνάπτονται.

166 4397 648 4484 SPANHEM.adA1-istoph.
666 4398 752 4462 Nub.
767 4416 819 4483 53.
