2984 5054
256 329 321 398 898
619 327 998 395 ANNOTA'I’IONES

300 511 373 581 979.
391 497 468 561 Post
480 494 567 561 λοιδό
580 514 707 561 comma*
717 510 863 583 ponatur.

301 597 373 679 980.
390 599 566 662 όποπτόσαν
582 596 798 662 casaubonus.
821 598 994 664 ἀποπτύσας
1005 594 1112 683 vulgo.
1135 597 1304 661 ἀποπτύσαι
1315 597 1357 658 Τ.

257 720 330 762 cum
346 698 389 784 gl.
406 700 485 762 ὥστε
500 700 672 778 ἀποβαλεῖν
685 702 780 762 τοῦτο.

301 799 401 884 δίκαν]
418 801 524 865 Instar
538 799 649 865 somnii
663 799 750 887 quod
765 812 999 864 averruncatur.

277 919 279 922 ’
302 903 376 986 982.
392 904 447 978 ἵζει
462 901 612 988 Scaliger.
635 903 690 981 έξει
704 901 787 966 libri.

302 1005 376 1089 983.
399 1001 508 1088 χρόνος
530 1003 554 1069 δ’
571 1006 652 1093 ἐπεὶ]
677 1005 759 1069 Haec
780 1003 875 1069 verba
894 1003 926 1067 in
949 1002 1127 1090 proximum
1143 1024 1265 1067 versum
1285 1018 1358 1066 sunt

259 1107 474 1173 transferenda
487 1120 519 1172 et
533 1106 565 1170 in
580 1105 777 1193 antistrophe
791 1107 865 1192 996.
879 1103 1086 1187 τελεσφόροις.

302 1207 380 1293 ἐπεὶ]
396 1208 444 1273 ἐπὶ
459 1210 501 1272 Τ.

303 1309 378 1394 984.
394 1306 603 1392 ξυνεμβόλοις]
621 1307 827 1375 scribendum
843 1312 1042 1389 ξυνεμβολαῖς
1053 1328 1125 1372 cum
1138 1307 1166 1369 1.
1177 1307 1220 1370 G.
1234 1305 1361 1369 Schnei-

259 1409 336 1474 dero
350 1409 382 1473 in
399 1410 527 1474 Lexico.
562 1411 650 1474 Pers.
665 1413 741 1496 396.
762 1413 858 1489 κόπης
878 1409 1015 1492 ῥοθιάδος
1036 1413 1207 1496 ξυνεμβολῇ
1230 1409 1360 1478 ἔπαισαν

260 1513 368 1593 ὅλοιν·

304 1616 377 1699 985.
394 1613 467 1698 986.
484 1631 516 1676 et
529 1612 561 1676 in
576 1612 772 1700 antistropho
789 1615 863 1698 998.
879 1633 955 1697 999.
977 1614 1009 1678 in
1033 1636 1132 1678 unum
1147 1635 1271 1678 versum
1288 1636 1360 1679 con·

255 1714 423 1803 jungendi.

305 1818 379 1901 985.
393 1817 531 1899 ψσμμίας
546 1814 656 1884 ἀκότας
667 1813 777 1897 (ἀκότα
792 1815 842 1880 Fl.
866 1814 991 1884 ἀκάτους
1006 1816 1151 1881 Bothius.
1174 1813 1263 1885 όκτός
1277 1817 1360 1903 Tyr-

262 1918 412 2000 whittus.)
426 1917 602 1999 παρήβησεν
616 1917 777 2000 (παρήβησ’
791 1918 866 2002 Τ.)]
881 1918 984 1983 Locus
997 1932 1175 2005 corruptus.
1199 1918 1358 2005 Equidem

261 2017 430 2106 legendum
445 2018 575 2104 conjicio
585 2017 694 2102 χρόνος
709 2018 732 2082 δ’
744 2020 1042 2101 ἔπελεπρυραιησέοιν
1053 2023 1362 2104 ξυνεμβολαὶεφαμ.

261 2124 341 2203 μίαις
355 2124 456 2190 ἀκταῖς
468 2121 700 2203 παρήεβησαν.
715 2121 773 2186 diu
783 2130 829 2187 eat
839 2122 1080 2209 quamfuaima
1093 2124 1273 2209 dejectiones
1284 2123 1318 2204 (i.
1330 2147 1357 2188 e.

248 2224 356 2310 βιαιο
377 2224 531 2310 adligati)
554 2223 698 2288 litoribus
722 2225 863 2289 ανιυσςὶο
886 2233 1124 2301 mmmmm,
1145 2223 1209 2288 sive
1225 2233 1358 2310 ρυιτυς-

263 2336 352 2405 rum,
369 2341 405 2390 ut
424 2326 504 2393 idem
524 2341 613 2390 sonet
631 2347 702 2390 cum
720 2325 890 2394 Homerico
910 2329 957 2392 καὶ
975 2327 1011 2405 δὴ
1027 2330 1118 2407 δοῦρα
1139 2324 1254 2406 σέσηπε
1274 2332 1359 2399 νεῶν,

264 2429 312 2499 καὶ
326 2425 443 2510 σπάρτα
457 2426 610 2493 λέλυνται.
634 2428 725 2495 Cous.
742 2453 771 2492 v.
788 2429 858 2494 188.
881 2427 943 2493 Sed
958 2427 1187 2514 in.hujusmodi
1201 2426 1275 2492 locis
1288 2450 1361 2492 con·

258 2530 355 2618 jicere
370 2553 547 2618 possumus,
560 2544 591 2594 et
607 2545 758 2616 praterea
772 2529 861 2595 nihil.
885 2530 1058 2595 BLOMF.

308 2635 382 2720 986.
399 2633 474 2716 εὖθ’]
493 2631 553 2697 ἔνθ’
569 2630 619 2695 Fl.

307 2734 381 2818 989.
399 2736 475 2797 Post
490 2735 532 2797 ὧν
546 2732 635 2796 colon
651 2748 796 2819 ponatur.

308 2853 385 2920 990:
398 2833 452 2898 τὸν
467 2831 491 2898 δ’
508 2832 702 2897 Schuetziua.
725 2833 802 2899 τόνδ’
818 2834 924 2921 vulgo.

308 2938 386 3016 όμυς
401 2934 565 3000 Stanleius.
588 2936 668 3015 ὅπως
681 2935 763 3001 libri.

307 3036 446 3122 ὑμνῳδεῖ]
472 3038 627 3124 Correpta
655 3036 774 3124 syllaba
803 3038 905 3124 prima
926 3035 1045 3102 dictum
1070 3051 1105 3102 ut
1130 3037 1250 3117 ὑμνήσω
1273 3038 1360 3123 apud

266 3139 453 3227 Euripidem
471 3138 584 3204 Bacch.
600 3155 653 3222 71.

308 3263 382 3328 991.
398 3243 533 3322 Ἐρινύος
548 3242 717 3306 Ροοςοαιιο.
743 3242 877 3324 Ἐριννὺς
891 3241 973 3305 libri.

309 3364 381 3429 995.
395 3342 570 3427 σπλάγχνα]
589 3343 777 3423 Praecordia,
793 3359 829 3408 ut
844 3343 875 3407 in
891 3342 1035 3430 Choeph.
1048 3362 1125 3429 413.
1138 3344 1276 3409 Eumen.
1289 3346 1361 3429 859.

267 3446 505 3511 KLAUSEN.

309 3550 373 3614 οὔτι
388 3548 603 3614 casaubonus.
626 3549 706 3612 οὗτοι
720 3547 801 3613 libri.

310 3653 383 3737 996.
410 3649 483 3732 πρός
507 3651 628 3731 φρεσὶν,
656 3662 691 3712 ut
719 3649 792 3732 πρὸς
819 3651 852 3715 δὲ
879 3652 981 3735 καρδέφ
1007 3647 1106 3732 φόβος
1135 3649 1218 3734 ᾄδειν
1247 3651 1363 3728 ἕτοιμος

268 3751 410 3837 Choeph.
426 3769 518 3831 1024.
541 3752 711 3816 KLAUS.

310 3852 505 3936 τελεσφόροις
529 3853 634 3939 δίναις]
664 3854 836 3919 Anxietate
864 3867 979 3918 certam
1008 3851 1212 3938 presagiente
1234 3866 1363 3916 eventus

266 3954 427 4019 rationem.
451 3957 651 4036 κυκλούμενον
666 3956 736 4038 κέαρ
749 3955 942 4043 appositione
952 3951 1095 4017 additum
1107 3950 1174 4014 voci
1188 3950 1363 4036 σπλάγχνα.

268 4057 382 4142 Neque
403 4055 485 4119 enim
507 4070 580 4144 apte
601 4057 662 4122 dici
684 4072 807 4145 poterat
821 4052 985 4138 σπλάγχνα
1000 4052 1193 4133 κυκλούμενα,
1208 4053 1283 4139 quia
1302 4056 1364 4119 dis·

266 4156 361 4244 plicet
383 4156 488 4244 imago
510 4159 661 4224 viscerum
692 4159 967 4224 circumactorum:
1002 4154 1070 4218 haec
1095 4152 1244 4220 dicuntur
1267 4165 1365 4221 κελαι-

269 4263 404 4337 νοΰσθαι,
419 4257 468 4323 vei
481 4258 542 4323 tale
555 4260 644 4346 quid.
667 4262 837 4325 KLAUS.

312 4361 385 4444 998.
402 4357 426 4422 δ’
443 4358 492 4424 ἀπ’
509 4362 580 4441 mac
599 4387 628 4425 τι
643 4365 704 4446 (τοι
721 4360 793 4446 Τ.)]
813 4359 923 4425 Lectio
937 4356 978 4421 ab
993 4354 1146 4421 Triclinio
1159 4358 1362 4448 interpolata:

268 4461 425 4548 antiquior
439 4474 486 4531 eat
499 4482 595 4547 quam
611 4461 662 4527 Fi.
678 4460 811 4526 servavit
825 4461 850 4524 δ’
865 4462 897 4539 ἐξ
911 4461 995 4540 ἐμᾶς,
1008 4456 1122 4523 omisso
1135 4483 1172 4524 τι.
