2984 5054
250 339 317 402 aas
491 318 503 367 ¹
614 340 992 403 Auuornrrouns

296 524 367 589 123.
398 506 496 588 ὦγμός
520 506 604 571 Rob.
633 507 743 594 steph.
774 511 893 590 μωγμός
917 507 963 571 Μ.
996 509 1110 587 μυγμός
1136 505 1245 569 Guelf.
1272 503 1353 567 Ald.

251 609 353 671 Turn.

297 730 366 789 124.
382 710 473 787 ώζεις,
488 710 668 795 ὑπνώσσεις]
684 711 765 787 ώζεις
779 711 969 776 ὑπνώσσονσ’
985 712 1171 775 Muellerus.

293 811 357 896 οὐκ]
374 811 425 874 κού
442 813 486 875 Τ.

293 911 469 996 ἀναστήσει]
485 912 641 999 ἀναστήσῃ
656 912 739 976 libri.

297 1031 368 1096 125.
396 1017 428 1076 τί
453 1040 502 1078 σοι
531 1014 695 1096 πέπρακται
721 1016 802 1094 πλὴν
827 1016 945 1098 τεύχειν
972 1014 1059 1098 κακά]
1086 1013 1181 1077 Conf.
1207 1012 1246 1076 ad
1276 1015 1353 1077 Pro-

251 1115 348 1178 meth.
364 1134 418 1198 49.

297 1235 367 1298 127.
392 1217 483 1297 κύριοι
505 1220 673 1297 συνωμόται
696 1221 768 1300 (scr.
787 1218 979 1303 ξυνωμόται)]
994 1220 1111 1304 Agam.
1127 1219 1200 1301 636.
1223 1219 1353 1297 ξυνώμο-

250 1342 311 1380 σαν
324 1320 391 1399 γὸρ,
408 1319 492 1384 ὄντες
507 1319 640 1401 ἔχθιστοι
657 1319 691 1382 τὸ
708 1321 788 1400 πρὶν,
804 1324 861 1400 πῦρ
884 1320 933 1384 καί
955 1320 1106 1383 θάλασσα.
1129 1341 1224 1404 quem
1246 1319 1352 1380 locum

250 1418 443 1506 comparavit
459 1418 659 1483 Wieselerus.

296 1540 368 1605 130.
390 1521 495 1585 Verba
511 1535 600 1586 extra
621 1536 754 1586 metrum
779 1521 888 1610 posita.
935 1524 1055 1600 Quater
1078 1522 1243 1609 repetitum
1270 1522 1353 1601 λαβέ

250 1622 348 1709 vulgo
361 1625 566 1704 παροξυτόνως
581 1622 731 1710 scriptum
747 1623 838 1703 λάβε.

297 1744 367 1810 131.
398 1725 601 1809 κλαγγαίνεις]
631 1724 811 1807 κλαγγάνεις
841 1723 1038 1788 scribendum
1071 1748 1136 1788 esse
1168 1725 1289 1788 ostendi
1319 1725 1352 1787 in

253 1826 419 1889 Thesauro
436 1827 596 1912 Stephani.

299 1947 368 2011 134.
392 1926 457 2007 μηδ’
481 1927 631 2009 ἀγνοήσῃς
652 1927 746 2011 πῆμα]
766 1930 848 2007 πῆμα
869 1927 1004 1991 refertur
1025 1927 1066 1991 ad
1089 1926 1208 1992 Orestis
1230 1927 1351 2012 fugam,

252 2048 325 2114 quae
347 2043 438 2090 antea
461 2050 489 2091 ν.
504 2047 574 2111 119.
598 2026 692 2094 πάθος
714 2028 885 2091 dicebatur.
930 2029 1011 2092 Eam
1028 2028 1095 2093 vult
1112 2030 1354 2116 Clytaemnestra

253 2127 366 2192 Furias
394 2127 481 2192 haud
511 2128 665 2214 ignorare,
690 2127 744 2192 sed
769 2126 1025 2193 animadvertere.
1054 2133 1155 2194 scH.
1192 2130 1353 2212 ἀγνοήσεις

252 2231 327 2294 Par.

294 2332 506 2420 μαλθαχθεῖσ]
520 2337 698 2417 μαλαχθεῖσ“
715 2333 797 2397 Rob.

298 2450 368 2518 135.
384 2435 543 2521 ὀνείδεσιν]
560 2438 730 2500 ὀνείδεσσιυ
746 2437 795 2500 Μ.
811 2435 888 2499 Ald.

296 2537 369 2620 136.
391 2543 452 2604 τοῖς
474 2536 642 2621 σώφροσιν]
660 2537 792 2601 Οονάαιί
805 2536 889 2600 enim
906 2537 1058 2622 ογίιυυιοιίὶ
1077 2538 1256 2622 ορρτουνιῗίς
1279 2546 1351 2599 ιαπ-

249 2658 344 2722 quam
356 2639 494 2701 stimulis
508 2640 703 2724 officiuntur.
728 2639 827 2702 SCH.

294 2740 442 2822 γίγνεται]
459 2741 575 2821 γίνεται
591 2737 669 2802 libri.

297 2856 367 2922 137.
384 2840 423 2903 σὺ
436 2839 460 2902 δ’
478 2841 662 2903 Pearsonus.
686 2837 744 2902 οὐδ’
761 2837 841 2902 libri.
879 2881 882 2887 -

296 2944 367 3026 138.
386 2942 651 3027 κατισχναίνουσα]
667 2944 902 3026 κατισχαίνουσα
917 2944 959 3007 Τ.
975 2943 1054 3007 Ald.

295 3061 366 3126 139.
389 3042 567 3125 διώγμασιν]
593 3041 656 3106 His
677 3041 768 3106 dictis
786 3043 1037 3130 Clytaemnestroe
1060 3044 1172 3108 umbra
1193 3065 1232 3107 ex
1254 3043 1351 3107 oculis

249 3156 459 3230 spectatorum
485 3142 650 3222 evanescit,
675 3168 732 3209 nec
756 3145 939 3234 evigilantes
962 3146 1156 3212 Eumenides
1181 3160 1350 3233 exspectat.

250 3244 373 3309 Eodem
390 3245 484 3310 modo
496 3243 647 3333 Polydori
663 3250 774 3313 umbra
788 3249 902 3314 secedit
918 3249 1055 3314 Hecuba
1068 3248 1251 3313 adveniente
1263 3246 1351 3334 apud

249 3348 447 3436 Euripidem.
472 3351 573 3414 SCH.

296 3472 367 3532 140.
391 3451 495 3538 ἔγειρ’]
513 3455 590 3518 Una
602 3453 760 3541 ‚funuum
783 3455 1004 3542 expergefacta
1024 3477 1091 3519 earn
1114 3476 1187 3540 quae
1210 3452 1351 3541 proxime

248 3556 449 3632 accubuerat,
462 3554 589 3634 excitat,
604 3569 636 3619 et
650 3555 693 3619 sio
707 3555 874 3642 deinceps:
898 3557 957 3638 ἐγώ
972 3554 1006 3619 ὀί
1026 3581 1063 3620 σε
1084 3554 1203 3619 dictum
1225 3569 1271 3618 est
1294 3579 1351 3640 pro

249 3657 289 3724 ώς
304 3659 363 3740 ἐγώ
377 3659 413 3720 σὲ
427 3657 541 3739 ἤγειρα.
565 3658 665 3722 SCH.

295 3779 366 3839 142.
383 3758 511 3843 ἰδώμεθ’]
528 3758 659 3839 είδώμεθ’
676 3759 725 3823 Μ.
744 3760 818 3822 Par.
835 3756 912 3824 Ald.
929 3759 1012 3823 Rob.

292 3864 321 3924 εἴ
340 3887 368 3923 τι
390 3865 475 3924 τοῦδε
490 3862 628 3943 φροιμίου
649 3861 743 3944 ματᾷ]
766 3861 938 3924 Videamus
952 3883 996 3924 an
1009 3857 1133 3944 αίίᾳτιίώ
1146 3877 1186 3919 ea‘
1199 3857 1254 3918 Ιιοε
1267 3854 1350 3939 quod

247 3963 337 4024 nobis
360 3963 512 4046 praelusit
536 3964 657 4025 somnio
682 3983 800 4024 vanum
824 3962 877 4024 ait.
922 3957 1213 4044 circumspicientes
1237 3955 1350 4019 deinde

248 4060 440 4146 intelligunt,
454 4061 546 4126 nimis
560 4085 655 4126 verax
671 4061 767 4125 fuisse
779 4059 943 4124 somnium.
968 4061 1069 4124 SCH.

296 4165 692 4249 143÷148=149-154·

294 4266 691 4352 155-161=162-168.

294 4368 691 4455 169-173=174-178.

293 4493 364 4555 144.
379 4472 513 4556 ή-ἔγώ]
532 4472 614 4535 Haec
628 4465 814 4550 παρενθίτος
828 4465 986 4532 dicuntur.
1012 4468 1113 4532 SCH.
