2984 5054
489 361 557 423 AD
580 360 911 424 CHOEPHORAS.
1185 355 1250 424 47³

147 527 242 591 trium
273 526 462 614 syllabarum
493 528 650 593 defectum
681 542 751 613 post
780 530 969 607 παντόλμους
994 529 1124 606 notavit,
1150 549 1244 613 quem

146 627 316 715 repetendo
331 630 441 710 έρωτας
455 628 602 718 explevit.

188 731 262 814 598.
274 730 390 817 ἄταισι]
407 732 508 796 άταισι
523 734 554 796 ai
568 731 650 796 Rob.
676 733 752 795 Post
765 737 883 812 βροτῶν
897 730 1022 816 signum
1033 731 1246 818 interrogandi

145 846 293 918 ponatur,
308 831 436 896 tollatur
450 855 524 896 vero
539 847 610 917 post
624 834 778 912 όμανλίας.
818 832 948 898 Monuit
964 832 1132 897 Heuthius.

189 953 265 1018 599.
281 931 307 996 θ
325 933 435 1020 Steph.
459 931 483 995 τ’
500 933 583 998 Rob.
600 935 706 997 Turn.
731 933 938 997 Suribendum
951 933 975 998 δ’
986 956 1058 999 cum
1071 935 1122 1000 M.
1135 934 1244 1004 Guelf.

191 1141 263 1202 600.
287 1138 450 1223 άπέρωτος]
476 1138 524 1202 ἆτ’
544 1140 652 1221 έρωτος
674 1139 723 1201 Μ.
743 1136 821 1200 Ald.
843 1135 925 1200 Rob.
949 1138 1092 1224 Hesych.
1111 1139 1244 1221 Ἀπερω.

147 1241 221 1307 πάς;
246 1239 450 1322 ἀπάνθρωπος.
474 1239 529 1304 ubi
546 1241 674 1303 Kuster.
698 1245 720 1278 “
731 1236 825 1303 Coni.
840 1238 982 1325 Etymol.
998 1240 1048 1305 M.
1065 1263 1096 1303 v.
1111 1239 1244 1323 Ἀπερω·

148 1343 214 1405 τόν.
253 1341 354 1429 Apud
385 1342 530 1428 AEsohyi.
561 1340 704 1427 Choeph.
728 1341 803 1423 598.
834 1338 949 1424 legitur
974 1341 1133 1423 άπέρωτος,
1159 1343 1247 1428 quod

148 1442 304 1508 reholiast.
318 1444 542 1531 interpretatur
564 1443 701 1525 στυγνὸς,
723 1442 922 1524 ὑπερήφανος.
960 1443 1247 1529 ΕλγινολἈπερω-

147 1545 206 1609 πὸυ
220 1544 327 1609 itidem
342 1548 567 1632 interpretatur
579 1546 723 1625 στυγνόν.
747 1545 796 1608 Ut
806 1542 938 1629 proinde
949 1543 997 1607 vel
1013 1544 1098 1630 apud
1111 1546 1248 1634 AEsehy·

148 1645 214 1710 lum
236 1646 434 1711 scribendum
451 1645 595 1711 videatur
609 1646 773 1726 άπερωπάς,
789 1643 839 1708 vei
860 1643 946 1731 apud
969 1643 1110 1732 Etymoi.
1125 1662 1156 1711 et
1177 1649 1246 1711 He-

149 1747 235 1835 sych.
258 1747 425 1830 Ἀπέρωτος
447 1770 506 1835 pro
527 1746 708 1828 Ἀπερωπός.
753 1745 824 1809 Nisi
846 1759 950 1814 tamen
973 1761 1145 1835 utrumque
1159 1747 1249 1813 vitiu

148 1871 220 1914 sum
241 1849 282 1914 rit
303 1862 335 1913 et
357 1847 515 1912 detortum
540 1870 579 1911 ex
602 1846 782 1930 Ἀγέρωχος,
805 1847 891 1932 quod
917 1846 999 1911 idem
1022 1849 1195 1935 ugnificare
1211 1874 1250 1917 αα

150 1951 339 2033 ὑπερήφανος
352 1963 462 2014 notum
477 1950 553 2021 est?
587 1950 626 2012 In
643 1949 805 2036 Hesychio
819 1950 970 2031 δπέρωτος
984 1951 1118 2016 restituit
1132 1974 1172 2016 ex
1190 1952 1250 2017 hoc

151 2054 221 2118 loeo
235 2053 272 2116 L.
290 2054 372 2116 Bor:
396 2051 449 2115 sed
465 2051 601 2123 frustra3
627 2049 697 2114 vide
714 2049 929 2138 Phrynichum
952 2074 1004 2139 up,
1020 2051 1155 2117 Bekker.
1171 2076 1203 2141 p.
1219 2057 1250 2133 8,

153 2157 183 2222 8.
218 2159 401 2243 Oxymoron
418 2153 570 2239 tragicum
586 2165 634 2216 est
646 2150 798 2233 ,άπέρωτος
820 2153 902 2234 ἔρως,
919 2166 956 2217 ut
970 2153 1064 2235 γάμος
1085 2155 1200 2236 άγαμος
1220 2169 1253 2226 et

151 2258 273 2324 similia.
319 2260 436 2321 Sensus
449 2269 506 2333 est,
523 2256 622 2319 Amor
636 2274 699 2318 τιον
713 2253 877 2340 legitimis
895 2254 1042 2322 muliebri
1062 2260 1171 2323 ααὶιαο
1191 2262 1251 2324 im-

146 2381 279 2448 peram,
309 2360 390 2423 male
418 2359 517 2422 vincit
544 2355 743 2440 conjugalem
771 2357 957 2422 societatem,
981 2357 1156 2423 BLOMF.
1201 2362 1253 2425 De

153 2463 254 2529 forma
268 2460 412 2549 adjectivi
427 2483 459 2522 v.
476 2455 617 2522 Lobeck.
634 2455 771 2543 Paralip.
786 2479 818 2543 p.
832 2456 904 2541 258.

197 2568 270 2651 603.
292 2563 468 2646 ὑπόπτερος]
496 2557 677 2636 Scholiasta,
695 2560 712 2621 ὁ
734 2558 774 2638 μὴ
796 2563 915 2640 κοῦφος,
931 2558 1000 2623 ἀλλ’
1017 2562 1134 2641 ἆληθῶς
1145 2568 1253 2644 μαθεῖν

154 2665 263 2730 θέλων.
285 2663 461 2745 ὑποπτέροις
473 2663 575 2725 Turn.
588 2657 697 2744 steph.
712 2681 752 2723 ex
764 2658 844 2723 alius
856 2659 1028 2726 scholiastae
1042 2664 1252 2745 annotatione,

154 2767 323 2849 γινωσκέτω
346 2764 370 2830 δ’
391 2767 408 2828 δ
430 2763 596 2829 παιδευθεὶς
617 2761 673 2843 οδχ
695 2761 869 2843 ὑποπτέροις
891 2767 1056 2845 φροντίσιν·
1079 2764 1150 2852 ίν’ᾖ
1172 2767 1205 2831 τδ
1222 2768 1254 2837 ὃς

154 2867 349 2934 ὑποτακτικὸν
363 2865 431 2930 άντδ
444 2869 496 2928 τοῦ
511 2867 528 2928 ό
543 2867 746 2946 προτακτικοῦ.

199 2973 272 3049 604.
288 2967 384 3053 δαεὶς]
402 2965 541 3053 Hesych.
560 2966 669 3032 Δαείςι
693 2966 806 3043 μαθών.
844 2965 982 3030 Verbum
999 2967 1167 3054 poeticum,
1183 2971 1254 3034 Ho.

155 3094 241 3135 mero
263 3070 506 3154 frequentatum.
541 3065 692 3131 Eustath.
716 3066 748 3128 in
773 3067 836 3131 Od.
860 3075 898 3132 Δ.
927 3072 1139 3155 p.1506,12.
1162 3069 1196 3133 τὸ
1220 3073 1253 3135 δέ

155 3175 270 3251 ἴδμεναι
292 3171 340 3234 καλ
360 3169 393 3233 τδ
414 3172 519 3248 δαῆναι
539 3168 684 3250 διαφέρει.
707 3170 824 3248 ἴδμεναι
837 3170 894 3249 μέν
907 3173 975 3251 γὸρ,
992 3171 1026 3234 τδ
1044 3174 1162 3237 οἴκοθεν
1176 3173 1252 3238 ‹ttr-

156 3294 215 3337 ναι·
239 3275 342 3350 δαῆναι
357 3272 399 3343 δέ,
416 3269 450 3333 τό
466 3271 619 3351 ἑτέρωθεν.
644 3268 788 3355 Sophocl.
805 3267 857 3333 El.
876 3270 979 3333 168.‹i
996 3273 1029 3335 δέ
1043 3273 1168 3338 λάθεται
1186 3274 1192 3360 Ι
1211 3276 1253 3344 ιδν

156 3371 180 3435 τ’
197 3370 282 3437 ἔπαθ’
284 3424 293 3446 ,
311 3373 353 3434 δν
367 3369 391 3433 τ’
408 3370 490 3450 ἐδάη,
505 3393 576 3458 quae
589 3370 701 3435 didicit
714 3389 754 3430 erc
768 3371 901 3432 nuntiis.
926 3369 1101 3438 BLOMF.

200 3476 272 3558 605.
287 3473 485 3560 παιδολόμας]
502 3469 708 3536 Scribendum
724 3471 915 3552 παιδολνμάς.

200 3573 345 3658 Θεστιὰς]
375 3572 504 3636 Althaea
540 3571 664 3651 scilicet,
692 3571 812 3636 Thestii
840 3588 872 3636 et
900 3571 1139 3659 Eurythemidis
1171 3586 1254 3645 nata,

160 3675 373 3763 Apollodorus
392 3695 420 3752 r,
438 3675 467 3737 8.
483 3673 629 3755 ἐγέννησε
644 3675 676 3737 δέ
689 3672 819 3737 Ἀλθαία
840 3677 933 3736 παῖδα
955 3671 991 3752 ἐξ
1003 3672 1120 3743 Οἰνέως
1134 3675 1256 3744 Μελέα-

157 3805 240 3860 γρον,
258 3777 293 3841 δν
308 3778 340 3855 ἐξ
351 3774 459 3856 Ἀρεος
473 3777 655 3856 γεγενῆσθαι
669 3779 757 3857 φασί.
781 3778 885 3841 τούτου
900 3778 932 3839 δέ
947 3778 1033 3846 ὄντος
1042 3777 1158 3858 ἡμερῶν
1170 3779 1254 3858 ἑπτά,

157 3879 404 3961 παραγενομένας
418 3879 471 3942 τὰς
487 3877 602 3956 Μοίρας
622 3876 718 3956 φασὶν
733 3879 839 3953 εἰπεῖν,
853 3878 930 3941 Τότε
950 3877 1122 3957 τελευτήσει
1136 3879 1258 3945 Μελέα.

158 4007 237 4063 γρος,
264 3981 337 4057 ὅταν
361 3981 377 4041 ὁ
401 3979 555 4056 καιόμενος
580 3979 629 4041 ἐπὶ
652 3982 702 4058 τῆς
726 3978 857 4061 ἐσχάρας
881 3978 972 4046 δαλὸς
998 3984 1138 4066 κατακαῇ.
1170 3987 1257 4046 τοῦτο

157 4085 322 4154 ἀκούσασα,
350 4080 402 4143 τὸν
425 4078 519 4141 δαλὸν
539 4079 678 4152 ,άνείλετο
700 4079 840 4155 Ἀλθαία,
870 4081 918 4144 καὶ
945 4080 1084 4146 κατέθετο
1115 4086 1157 4149 είς
1181 4084 1255 4166 λάρ-

157 4182 401 4248 vanu-Postea
417 4178 539 4242 Thestii
561 4177 628 4257 filii,
646 4204 729 4267 aegre
751 4182 886 4245 ferentes
907 4181 974 4268 apri
991 4181 1155 4268 Calydonii
1178 4205 1256 4247 exu-

157 4285 222 4347 vias
237 4281 398 4346 Atalantae
420 4280 500 4358 dari,
520 4280 734 4357 abstulerunt3
759 4284 909 4365 ὀργισθεὶς
930 4285 963 4346 δέ
986 4283 1176 4366 Μελέαγρος,
1192 4285 1258 4350 τοὺς

156 4387 214 4466 μὲν
230 4386 361 4449 Θεστίου
375 4386 481 4450 παῖδας
497 4383 660 4458 ἀπέκτεινε,
676 4385 711 4447 τὸ
726 4386 759 4448 δέ
775 4383 862 4465 δέρας
876 4383 1008 4447 άπέδωκε
1029 4389 1064 4468 τῇ
1077 4382 1257 4469 Ἀταλάντῃ.

159 4485 290 4551 Ἀλθαία
314 4489 346 4550 δὲ
368 4489 535 4562 λνπηθεῖσα
558 4485 607 4548 ἐπὶ
627 4487 663 4570 τῇ
686 4491 744 4550 τῶν
768 4486 909 4565 άδελφῶν
932 4486 1067 4566 ἀπωλείᾳ
1088 4486 1142 4548 τὸν
1165 4485 1260 4550 δαλὸν

681 4604 738 4667 30
