2984 5054
250 323 315 394 476
611 327 990 401 ANNOTA'PI'ONES

294 507 443 575 ἀθανάτας
464 508 578 595 τριχὸς]
605 510 721 596 Capilli
743 513 1010 576 immortalitatem
1034 512 1128 590 Niso,
1151 514 1180 575 ti
1205 518 1349 576 servatus

248 610 373 686 θιίσοιν,
388 611 598 674 consiliaturi.
623 611 722 674 SCH.

292 714 367 777 620.
382 711 563 796 νοσφίσασἾ
582 711 675 775 Ovid.
691 713 826 776 Metam.
838 715 869 791 8,
883 714 935 799 85.

568 814 741 878 *fatali
756 829 829 878 nata
842 829 1004 902 parentem

359 915 454 979 Crine
469 937 560 978 suum
576 915 704 1002 spoliat:

250 1017 335 1080 undo
348 1016 376 1080 ei
393 1038 504 1081 nomen
520 1017 619 1081 Ceiris
629 1043 638 1096 3
662 1016 757 1081 Ovid.
774 1019 909 1081 Metam.
922 1018 953 1096 8,
971 1033 1042 1101 151.

377 1132 496 1182 —--et
509 1141 528 1181 a
543 1132 632 1182 tonso
646 1132 693 1182 est
706 1118 765 1182 hoc
780 1141 891 1182 nomen
906 1119 1021 1206 adepta
1035 1115 1158 1204 capillo.

251 1222 418 1285 STANL.
454 1219 556 1284 Schol.
585 1221 798 1302 ἀπροβούλαςι
824 1220 1020 1301 ἀπρονοήτως.
1052 1221 1088 1283 οὗ
1109 1220 1345 1302 προσκεψαμένη

248 1323 283 1386 τὸ
298 1324 539 1403 ἀποβησόμενον.
561 1322 600 1388 ὃς
613 1321 749 1402 προάοπάς
762 1324 819 1402 γάρ
834 1325 887 1385 τοῦ
907 1321 1017 1403 πατρὸς
1039 1321 1200 1403 ἐτιμωρήθη
1214 1322 1271 1385 ὑπὸ
1287 1325 1345 1386 Μέ-

249 1451 333 1492 vaae.
372 1424 435 1489 Sed
456 1424 561 1488 forsan
575 1424 689 1487 referas
709 1423 749 1487 ad
766 1423 891 1501 Nisum,
907 1425 1103 1505 ἀπροβούλως
1116 1422 1235 1488 πνέονθ’
1250 1426 1344 1510 davo,

246 1528 316 1592 siae
336 1528 512 1613 suspicione
532 1530 719 1590 stertentem.
752 1525 917 1613 Aristoph.
935 1525 1022 1591 Plut.
1039 1545 1113 1611 300.
1128 1525 1168 1589 de
1183 1524 1341 1612 Cyclope;

247 1627 309 1705 εἰκῆ
331 1627 365 1690 ἀὲ
386 1625 606 1707 καταθαρθέντα
626 1650 693 1699 που,
711 1623 820 1707 Μέγαν
841 1626 991 1705 λαβόντες
1011 1623 1143 1703 ἡμμένον
1162 1625 1345 1706 σφηκίσκον,

247 1728 446 1808 ἐκτυφλῶσαι.
482 1727 528 1791 Et
542 1726 585 1790 sic
595 1725 818 1813 interpretatur
832 1724 944 1790 Bothe.
968 1727 1144 1790 BLOMF.

290 1830 365 1896 621.
387 1831 407 1892 ἀ
426 1829 597 1911 κυνόφρων]
613 1829 792 1909 ἀκανόφρον
808 1825 883 1892 Ald.
900 1849 941 1890 ex
953 1849 1019 1912 quo
1035 1829 1139 1892 Turn.
1156 1828 1344 1909 ἀγανόφρονι

244 1928 329 1993 fecit.

289 2055 324 2095 κν
384 2030 456 2114 ραν]
471 2028 655 2115 Impatiens.
680 2027 836 2092 Stanleius
850 2028 970 2093 confert
986 2029 1080 2096 Iliad.
1096 2036 1132 2095 Z.
1146 2049 1220 2115 344.
1236 2031 1300 2095 Τὸν
1315 2028 1340 2096 δ’

244 2129 356 2212 Ἑλένη
375 2133 497 2211 μόθοισι
516 2131 668 2212 προοηόάα
688 2132 872 2213 μειλιχίοισι·
898 2137 979 2214 disp
1001 2135 1092 2213 έμεῖο,
1108 2133 1194 2201 κυνὸς
1215 2158 1341 2213 κακομη·

243 2232 350 2317 χόνου,
380 2231 574 2316 ὀκρυοέσσης.
615 2231 665 2295 Sic
695 2237 887 2314 κυνοθρασεῖς
916 2235 1028 2322 Suppl.
1054 2237 1129 2317 766.
1157 2234 1340 2316 κννοθαρσὴς

245 2335 346 2401 stata
359 2334 515 2399 Theocrit.
536 2353 586 2418 15,
595 2348 651 2418 53.
667 2332 721 2397 ubi
742 2333 808 2398 vid.
821 2334 1012 2400 Valckenaer.
1029 2359 1060 2422 ρ.
1071 2339 1147 2420 361.
1162 2337 1339 2402 BLOMF.

286 2438 360 2503 622.
376 2436 511 2521 κιγχάνει
527 2438 695 2500 Personae.
718 2435 835 2519 κιχόνει
849 2435 932 2502 libri.

283 2538 346 2623 μιν]
363 2537 568 2603 scribendum
584 2561 632 2600 νιν
644 2558 717 2601 cum
733 2536 932 2603 Blomfieldo.

285 2639 401 2723 κιχόνει
415 2640 449 2704 δέ
461 2664 512 2719 μιν
525 2638 648 2723 Ἑρμῆς]
664 2637 752 2703 Male
772 2638 958 2715 scholiastes,
973 2661 1067 2725 quem
1083 2640 1244 2706 Heathius
1256 2665 1336 2728 quo·

240 2765 304 2828 que
318 2740 471 2826 sequitur,
484 2738 525 2802 ad
541 2738 654 2802 Nisum
669 2740 776 2805 refert.
819 2740 932 2805 Nisum
947 2741 1029 2806 enim
1044 2741 1227 2829 capillorum
1249 2744 1337 2809 farto

240 2856 401 2907 manuum
415 2863 493 2918 esse,
502 2840 569 2926 jam
585 2862 614 2902 v.
631 2842 706 2920 614.
721 2839 795 2906 satis
808 2840 999 2908 declaratum
1015 2857 1091 2908 erat.
1115 2844 1225 2910 Multo
1237 2846 1336 2933 magis

240 2941 391 3008 attinebat
421 2940 533 3027 Scyllae
562 2963 686 3027 poenam
710 2941 760 3006 hic
784 2942 885 3008 tribus
909 2943 1014 3009 verbis
1039 2966 1220 3025 memorare,
1247 2947 1334 3033 quod

240 3046 371 3110 chorum
393 3042 466 3106 odio
490 3042 636 3107 facinoris
665 3043 835 3123 incensum,
858 3058 890 3109 et
915 3068 1077 3132 nunquam
1102 3069 1164 3111 non
1189 3047 1335 3113 vindictae

239 3146 354 3212 divinae
367 3143 555 3232 cogitatione
569 3160 707 3210 erectum
729 3145 864 3211 maxime
878 3145 1019 3212 decebat.
1064 3147 1126 3212 Sed
1141 3148 1220 3234 quid
1241 3149 1335 3236 signi-

238 3249 313 3314 ficat
337 3249 538 3312 Mercurium
560 3268 630 3313 eam
658 3259 833 3314 assecutum
855 3251 945 3314 esset
976 3247 1081 3335 Vulgo
1108 3249 1266 3337 accipiunt
1293 3251 1335 3317 de

239 3361 349 3430 morte,
379 3349 455 3438 quia
483 3350 663 3415 Mercurius
694 3365 741 3416 est
768 3359 917 3432 πομπαῖος
948 3353 1134 3415 animamm
1162 3352 1332 3429 deductors

239 3452 388 3519 Pannius
409 3467 515 3517 autem
542 3452 583 3517 ad
613 3452 810 3517 Mercurium
837 3453 995 3518 lucrorum
1024 3452 1188 3539 praesidem
1214 3454 1333 3533 retulit,

238 3556 324 3642 quod
346 3578 404 3620 cur
423 3554 582 3619 Heathius
601 3554 681 3619 adeo
694 3552 852 3619 fastidiose
873 3570 1010 3642 spernat,
1026 3576 1087 3618 non
1102 3554 1203 3619 rideo.
1248 3558 1333 3622 Cum

237 3658 320 3722 enim
335 3656 471 3743 tragicus
485 3671 684 3721 memorasset
699 3656 835 3743 Scyllam
856 3679 952 3721 aureo
965 3656 1084 3734 monili,
1097 3656 1240 3742 adeoque
1253 3656 1333 3723 lucri

237 3759 342 3846 potius
356 3756 537 3844 cupiditate,
550 3778 646 3843 quam
668 3778 774 3821 amore
789 3756 918 3821 ductam
938 3756 1105 3844 parricidio
1126 3781 1159 3822 se
1180 3760 1331 3824 contami-

239 3882 337 3936 nasse,
359 3857 472 3945 quidni
496 3859 611 3924 chorus
641 3858 702 3923 hoc
736 3880 889 3923 sarcasmo
914 3859 1121 3924 narrationem
1146 3859 1331 3926 concludat:

236 3962 303 4028 Sed
315 3970 477 4026 assectatur
494 3970 541 4024 eat
556 3962 661 4046 ἱροανι
675 3959 763 4024 lucro
775 3960 951 4025 inhiantem
966 3962 1153 4027 Merrae-ias
1173 3964 1331 4028 lucrosam

231 4084 360 4152 praeses,
382 4082 509 4147 eamque
528 4064 628 4146 gravi
649 4062 763 4126 damna
784 4065 944 4127 mactavit.
983 4065 1130 4129 Ceterum
1153 4065 1194 4130 de
1219 4066 1332 4154 Scyllas

235 4187 328 4253 poena
356 4164 396 4228 cs.
421 4162 532 4249 virgil.
559 4161 625 4226 Cir.
647 4185 678 4226 υ.
701 4163 776 4248 389.
801 4176 834 4228 et
857 4187 937 4251 quoa
965 4165 1009 4230 ibi
1038 4166 1147 4232 laudat
1172 4169 1331 4255 Heyuius.

277 4373 352 4455 623.
378 4365 588 4449 έπεμνησάμην
616 4365 783 4432 Heatltius.
820 4366 1028 4448 έπεμνήσαμεν
1050 4368 1134 4449 libri,
1159 4368 1218 4434 nisi
1242 4373 1330 4458 quod

234 4473 403 4554 έμνήσαμκν
418 4468 504 4535 Rob.
