2984 5054
511 366 579 427 An
602 363 899 427 aunnnrnas.
1147 337 1157 364 ⁴
1191 360 1256 428 565

159 531 264 607 Quare
280 553 440 594 verorum
455 528 565 593 calculi
588 528 656 616 pari
678 550 809 592 numero
828 526 999 592 accusatori
1015 540 1047 591 et
1062 550 1115 591 reo
1129 528 1258 606 fuerint,

158 653 245 695 reurn
262 631 384 696 vincere
406 631 557 696 sancitum
574 631 625 709 sit,
641 634 689 695 διὰ
703 632 734 694 τί
745 656 818 694 ποτε
830 632 904 695 ὅταν
920 631 968 693 καὶ
982 631 1022 715 τῷ
1045 630 1188 711 φεύγοντι
1210 631 1258 694 καὶ

158 737 199 819 τῷ
214 736 346 798 διώκοντι
361 735 525 816 φαίνωνται
539 738 639 816 ψῆφοι
660 737 735 806 ίσαι,
752 734 873 816 φεύγων
894 737 970 816 νικᾷ,
994 731 1100 820 plures
1122 733 1259 820 assignat

158 835 293 899 rationes
307 833 493 900 Aristotelea
507 835 616 899 Probl.
633 853 685 921 29,
704 854 755 921 13.
780 836 948 899 STANL.

204 952 275 1020 755.
292 937 340 999 καὶ
354 936 420 1020 γῆς]
438 936 643 999 Scribendum
660 936 756 1016 γαίας.

203 1053 277 1122 757·
293 1038 381 1122 aaa
400 1039 473 1118 ου
488 1036 569 1101 οτι

204 1141 277 1221 760.
293 1142 434 1224 σωτῆρος]
452 1139 553 1203 Jovis.
578 1141 616 1203 V.
632 1138 744 1224 Eurip.
763 1139 860 1202 Herc.
877 1137 900 1200 f.
916 1137 970 1215 48.
989 1137 1174 1201 WAKEF.

205 1242 277 1323 762.
293 1242 425 1327 στρατῷ]
443 1243 575 1329 Populo.

204 1344 277 1429 763.
300 1343 333 1405 τὸ
354 1343 671 1425 λοιπὸν-πλειστήρη
694 1344 821 1431 χρόνον]
847 1343 947 1405 Recte
966 1356 1094 1405 auctore
1121 1340 1260 1405 Heatbio

161 1445 309 1509 vertitur:
334 1447 491 1534 Deinceps
505 1449 542 1509 in
556 1467 645 1510 omne
653 1448 814 1532 fiturum
829 1454 962 1532 tempor,
978 1445 1123 1531 ηααυιυὶσ
1137 1445 1260 1531 longis-

160 1551 275 1613 simum
288 1553 341 1614 rit.
365 1550 465 1614 SCH.
502 1548 667 1630 πλεισθήρη
683 1546 791 1611 Gueif.
808 1549 912 1610 Turn.
934 1545 1100 1627 πλεισθήρη
1116 1545 1191 1610 Αίά.

203 1654 326 1737 χρόνον]
345 1653 444 1738 χρόνῳ
460 1650 536 1716 ΑΙά.

206 1757 279 1838 766.
297 1756 430 1819 ἐποίσειν
447 1754 499 1817 Μ.
516 1755 589 1817 Ροι.
605 1752 691 1817 Rob.
708 1752 818 1839 Steph.
847 1755 979 1817 ἐπείσειν
995 1751 1105 1816 Guelf.
1136 1751 1260 1831 ἐσήσειν

162 1855 240 1920 Ald.
257 1859 361 1921 Turn.
386 1855 512 1920 “Idem
523 1857 738 1943 juramentum
754 1855 787 1918 in
802 1854 966 1942 Euripidis
983 1854 1095 1942 Suppl.
1111 1874 1202 1938 ¹¹90·

291 2009 307 2070 ὁ
323 2005 347 2070 δ’
363 2009 449 2090 ὅρκος
464 2006 549 2070 ἔσται
563 2003 667 2085 μήποτ’
682 2003 835 2087 Ἀργείους
850 2007 946 2089 χθόνα

292 2113 334 2177 είς
347 2111 425 2189 ΠίνδΙ
441 2112 575 2173 ἐποίσειν
589 2108 736 2188 πολέμιον
750 2110 942 2191 παντευχίαν,

291 2211 432 2276 ἅλλοντ’
449 2215 566 2289 ἐόντων,
582 2214 718 2290 ἐμποδὼν
733 2212 837 2290 θήσειν
852 2211 949 2291 δόρυ.”
972 2211 1142 2274 STANL.

206 2374 353 2455 767-77
381 2422 387 2435 .
413 2373 496 2435 αὐτοὶ
522 2369 840 2455 γὰρ-εὐμενέστεροι]
868 2372 983 2433 Versus
1006 2392 1067 2433 non
1089 2369 1263 2456 AEscbylei‚

164 2475 218 2540 sed
238 2475 278 2538 ab
300 2473 425 2538 homine
449 2472 555 2559 scripti
573 2473 630 2559 qui
649 2494 722 2558 quae
745 2471 881 2535 breviter
901 2471 1101 2559 graviterque
1122 2471 1263 2535 versibus

163 2577 412 2665 praecedentibus
436 2575 559 2640 dixerat
584 2570 757 2660 AEscbylus
780 2571 969 2659 loquacitate
994 2597 1050 2638 sua
1073 2573 1263 2660 ineptissime

164 2680 318 2756 dilatavit,
340 2679 479 2744 oratione
505 2700 581 2741 usus
603 2698 699 2762 quam
723 2675 888 2740 emendare
917 2676 1035 2741 frustra
1057 2676 1159 2741 conati
1190 2690 1263 2741 aunt

164 2781 272 2846 critici.

209 2883 280 2964 768.
296 2883 512 2969 παρβαίνουσι]
528 2881 712 2962 παρμένουσι
728 2881 801 2943 Par.

208 2989 281 3069 769.
297 2981 491 3067 ἀμηχάνοισι]
507 2982 670 3066 ἀμηχάνοις
686 2983 735 3046 Μ.
752 2981 861 3045 Guelf.
878 2980 957 3045 Aid.

207 3086 368 3169 πράξομεν]
384 3087 472 3149 Male
487 3107 543 3170 per
557 3085 781 3165 τιμωρησόμεθα
796 3082 931 3170 explicat
946 3081 1120 3146 scholiasta.
1151 3084 1266 3168 Neque

165 3187 246 3250 enim
269 3184 479 3249 dubitandum
503 3187 580 3271 quin
607 3185 657 3249 bic
685 3197 779 3270 poeta
804 3184 975 3248 orationem
1003 3205 1091 3246 suam
1122 3182 1164 3245 sio
1193 3205 1266 3246 con-

167 3287 327 3366 struxerit,
344 3293 405 3354 τοῖς
416 3288 617 3369 παρβαίνουσι
630 3285 781 3367 πράξομεν
796 3288 834 3352 ὡς
849 3287 965 3349 αὐτοῖσι
980 3282 1132 3368 μεταμέλῃ
1146 3287 1245 3350 πόνος.

210 3393 287 3455 Post
302 3391 491 3469 δυσπραξίας
505 3411 626 3453 comma
640 3403 723 3452 recte
737 3388 842 3475 posuit
858 3390 960 3451 Turn.

211 3510 284 3576 770.
300 3490 495 3576 παρόρνιθας]
512 3489 579 3572 παρ’
596 3492 714 3572 ὄρνιθος
730 3487 836 3553 Guelf.
854 3487 932 3552 Ald.
948 3492 1053 3553 Turn.

212 3613 284 3676 772.
301 3593 501 3676 ὀρθουμένων]
520 3592 710 3674 όρθουμένοις
724 3594 828 3656 Turn.

213 3712 285 3781 773.
300 3695 361 3778 ἀεὶ]
380 3695 437 3758 alei
453 3694 536 3758 Rob.
553 3696 657 3757 Turn.
674 3693 785 3781 Steph.

212 3818 284 3881 774.
316 3796 420 3880 ἐσμεν]
450 3798 567 3875 ἐσόμεθ
598 3796 702 3883 potius
727 3795 830 3860 dicere
855 3794 1001 3873 debebat,
1026 3792 1114 3881 quod
1137 3791 1268 3879 conjecit

169 3902 339 3967 Heatbius.

211 4003 428 4087 εὐμενέστεροι]
444 4002 659 4082 άσμενέστεροι
674 4003 759 4067 Rob.

211 4124 249 4190 77
253 4124 283 4193 5.
301 4110 434 4171 Comma
447 4128 510 4169 non
525 4121 595 4191 post
609 4107 694 4180 λεὼς,
712 4105 765 4170 sed
780 4119 852 4193 post
867 4110 954 4188 χαῖρε
968 4102 1043 4192 poni
1058 4100 1202 4166 debebat.

213 4225 285 4290 779.
301 4208 410 4291 χερῶν]
425 4212 534 4290 χειρῶν
549 4205 626 4269 Aid.

214 4311 286 4391 780.
310 4310 382 4371 810.
404 4309 435 4393 ἡ]
460 4308 664 4372 Scribendum
691 4312 710 4372 ἁ
733 4324 764 4373 et
784 4308 994 4395 interpunctio
1011 4321 1083 4393 post
1105 4306 1270 4386 βαρύκοτος

171 4409 315 4474 delenda.

142 4588 143 4591 Ἴ
220 4511 293 4594 78ι.
318 4513 362 4578 ίοὺ
378 4513 448 4596 lob]
470 4509 676 4591 scribendum
693 4510 740 4573 ἐὸν
755 4511 801 4573 ίὸν
815 4533 855 4573 ex
870 4511 921 4573 M.
939 4506 1055 4584 Guelf.,
1071 4506 1174 4572 deleto
1188 4529 1271 4570 com·
