2984 5054
513 342 581 404 AD
605 343 902 408 EUMENIDES.
1196 349 1258 410 531

206 520 257 586 77.
274 506 396 591 πόντον]
410 509 521 572 πόντου
536 509 587 572 Μ.
604 509 713 574 Guelt.
727 510 803 574 Ald.
820 513 903 576 Rob.

204 607 387 692 περιρρύτας]
418 609 567 674 Notanda
594 612 770 676 terminatio
798 613 957 692 feminina,
987 613 1045 677 nisi
1073 617 1262 698 περιρρύτους

162 705 292 793 scripsit.

207 810 257 890 78.
288 813 528 890 βουκολούμενος
553 836 644 878 sensu
670 815 793 901 passivo
819 816 949 891 dictum,
974 832 1009 882 ut
1034 818 1154 905 primus
1179 835 1263 884 recte

162 911 271 974 statuit
297 911 534 987 Wakefieldus;
567 918 662 980 πόνον
689 917 729 980 de
758 941 851 982 cursu
881 919 1046 997 concitato,
1073 935 1108 984 ut
1138 920 1261 1007 saepiua

164 1010 412 1177 ἔὲῗὲὲούοιύ.
428 1014 467 1078 ad
484 1016 636 1104 Xenoph.
652 1018 692 1082 de
706 1034 772 1083 arte
786 1020 922 1106 equestri
943 1044 975 1105 p.
989 1021 1124 1084 XXIV.
1148 1022 1262 1085 WIE-

208 1230 258 1298 79.
274 1209 437 1285 Παλλάδος
450 1219 481 1281 in
497 1220 559 1284 fine
570 1244 678 1285 versus
691 1221 874 1288 collocatum
890 1224 922 1288 in
938 1224 1043 1289 codice
1059 1224 1244 1289 Robortelli.

209 1317 259 1380 80.
275 1318 347 1403 ἵζου]
364 1320 429 1395 ἐζον
445 1322 548 1385 Turn.

209 1418 258 1482 81.
282 1425 422 1488 δικαστὰς
437 1424 540 1510 τῶνδε]
557 1425 697 1512 Respicit
712 1426 932 1514 Areopagitas,
951 1451 1031 1513 quos
1047 1427 1195 1492 Minerva
1212 1429 1263 1514 ju-

164 1519 248 1584 dices
261 1521 375 1586 datura
388 1540 465 1587 erat.
488 1525 527 1588 cf.
546 1549 574 1590 v.
588 1529 663 1607 480.
682 1551 710 1590 v.
725 1530 801 1613 563.
817 1550 885 1613 sqq.
910 1530 1009 1593 SCH.

208 1628 395 1706 θελκτηρίους
415 1626 539 1711 μύθους]
560 1628 670 1692 Innuit
691 1628 861 1693 orationem
884 1627 1053 1716 Apollinis,
1074 1652 1133 1716 pro
1155 1630 1267 1692 Oreste

165 1723 339 1788 habendam
357 1749 384 1787 v.
400 1730 474 1805 614.
493 1751 560 1814 sqq.
585 1731 686 1794 SCH.

209 1828 259 1910 85.
276 1851 343 1914 sqq.
359 1831 433 1907 ἄναξ
449 1827 677 1916 Ἀπολλον-]
695 1833 820 1895 Horum
838 1830 1005 1895 verborum
1028 1855 1152 1895 sensum
1175 1853 1264 1918 pror·

164 1951 217 1991 sus
238 1930 388 2014 pervertit
409 1931 625 2018 interpretatio
648 1933 846 1998 Stanleiana:
880 1936 954 1996 Rea
968 1935 1088 2021 Apollo,
1111 1937 1196 2000 nosti
1218 1956 1267 1998 mc

164 2035 318 2118 injuriam
331 2037 530 2119 nonfaciaae,
541 2047 571 2100 et
584 2039 732 2123 quonium
747 2038 831 2100 nosti
844 2057 884 2099 ne
899 2057 946 2099 me
960 2037 1131 2123 negligaar
1156 2037 1269 2101 Robur

166 2118 256 2198 titiam
271 2138 313 2199 ad
321 2139 514 2220 facientum
533 2150 584 2203 aot
600 2141 746 2203 idoneum
761 2149 816 2203 eat.
863 2140 934 2201 lmo
949 2160 1023 2201 vcro
1037 2139 1080 2201 sic
1094 2152 1184 2201 erant
1198 2139 1268 2202 red·

167 2236 287 2300 denda:
314 2242 413 2301 Oreo
428 2241 548 2325 Apollo,
565 2242 639 2304 bene
653 2241 777 2326 quidem
792 2249 876 2304 tenea
892 2241 1094 2326 propositum
1110 2242 1268 2326 injuriam

168 2339 247 2401 ntiln'
265 2339 521 2422 lorrdsacieadi,
538 2339 639 2425 (quod
654 2341 775 2404 fecisset
791 2338 919 2427 Apollo,
936 2341 960 2403 si
977 2343 1117 2404 Orestem
1140 2340 1182 2403 ad
1206 2362 1269 2403 ma·

169 2440 224 2503 tris
243 2440 360 2503 caedem
382 2463 401 2503 a
423 2463 455 2503 se
475 2439 638 2505 incitatum
662 2440 747 2505 haud
770 2441 994 2523 defendisset);
1018 2442 1269 2529 quondoquidem

169 2565 244 2606 vero
264 2544 378 2607 hocin
403 2545 545 2606 animum
568 2544 738 2620 induciati,
760 2566 840 2607 cura
864 2566 995 2630 qnoque,
1015 2564 1054 2606 ae
1079 2565 1126 2605 me
1150 2543 1270 2607 incuria

167 2645 304 2730 quadam
319 2647 479 2732 negligas.
523 2647 669 2710 Potentia
684 2667 758 2711 vero
771 2656 838 2722 tua,
855 2655 883 2709 te
906 2667 972 2709 rem
994 2647 1069 2710 berre
1086 2654 1268 2732 gesturum,

166 2748 246 2809 satis
261 2748 338 2809 inihi
353 2748 493 2834 spondet.
516 2749 640 2834 Nempe
652 2771 680 2812 v.
692 2750 743 2830 87.
758 2747 836 2811 ordo
850 2747 901 2811 hic
915 2762 962 2810 est
978 2747 1143 2810 verborum
1160 2744 1270 2813 σθένος

168 2850 201 2910 δέ
215 2849 249 2911 τὸ
264 2849 321 2913 σὸν
336 2849 505 2931 φερέῃυύν
520 2850 585 2912 ἐστι
601 2849 634 2912 εὖ
648 2854 753 2913 ποιεῖν.
778 2850 880 2912 SCH.

214 2950 263 3034 85.
288 2951 329 3030 μὴ
353 2949 466 3034 ’δικεῖν]
491 2951 624 3029 μήδικεῖν
648 2950 726 3014 Ald.
751 2952 854 3014 Turn.
891 2949 931 3029 μὴ
956 2955 1055 3015 δοκεῖν
1077 2948 1178 3014 codex
1202 2950 1269 3013 Ro·

170 3050 300 3114 bortelli.
347 3050 552 3115 Scribendum
566 3053 709 3132 μόὅικεῖν.

213 3153 273 3215 86.·
284 3155 391 3237 ἐπίστᾳ
405 3154 572 3217 Porsonus.
597 3155 705 3216 ἐπύστο
719 3151 826 3240 vulgo.

212 3253 252 3333 μὴ
265 3253 391 3338 'pel-riv]
405 3253 446 3333 μὴ
459 3258 565 3333 μελεῖν
578 3251 656 3316 Ald.
672 3253 756 3317 Rob.
773 3254 919 3333 μήμκλεῖν
935 3254 1038 3317 Turn.
1063 3250 1269 3316 Scribendum

171 3358 327 3437 μόμελεῖν.

215 3458 268 3541 89.
296 3455 485 3537 αὐτάδελφον
510 3457 583 3536 οῐμο
606 3453 825 3519 Wakefieldus
853 3455 1077 3541 interpretatur
1098 3475 1138 3517 συ
1163 3455 1273 3517 cadem

174 3568 273 3623 matre
291 3581 353 3622 uon
376 3559 479 3622 minus
499 3580 594 3646 quam
617 3571 727 3643 patre;
751 3553 887 3641 indeque
909 3554 1066 3619 existimat
1081 3553 1272 3641 AEschylum

172 3657 276 3737 aliam,
291 3681 385 3745 quam
405 3680 477 3746 quae
494 3657 591 3746 vulgo
606 3655 748 3744 Apollini
771 3668 803 3719 et
819 3654 980 3720 Mercurio
1003 3654 1163 3733 tribuitur,
1179 3655 1273 3741 origi·

173 3783 243 3824 nem
268 3777 437 3824 maternam
460 3758 647 3846 adsignasse.
692 3755 794 3820 Nobis
809 3771 912 3820 tamen
929 3754 1117 3819 vocabulum
1132 3755 1275 3820 ούτύόελ-

173 3874 234 3946 φον
249 3863 407 3927 molestius
422 3860 507 3926 haud
522 3858 728 3948 premendum
745 3857 878 3922 videtur.
922 3856 1005 3921 Tota
1021 3859 1107 3938 ῥῆσις
1128 3856 1188 3922 hoc
1211 3857 1274 3945 sig-

173 3965 295 4030 nificat:
320 3967 363 4028 mi
365 3965 482 4051 frater
496 3963 658 4049 eodemque
665 3968 763 4047 patre
771 3968 946 4047 prognota.
972 3961 1072 4024 SCH.

217 4086 269 4148 92.
286 4067 446 4150 ἐκνόμων]
464 4065 597 4143 ἐκνόμων
612 4063 661 4126 Μ.
678 4061 788 4126 Guels.
834 4060 1039 4125 Scribendum
1057 4061 1188 4140 ἐκνόμως
1201 4082 1275 4125 cum

176 4169 360 4231 Hermanno
374 4182 406 4232 et
420 4167 517 4247 σέβος
531 4161 769 4251 intelligendum
783 4161 822 4226 de
838 4184 966 4225 munere
983 4161 1147 4226 Mercurii.

218 4286 272 4349 94.
288 4269 390 4332 εὕδοιτ’
407 4270 460 4355 ἄν]
477 4269 559 4332 Haec
572 4289 644 4331 cum
659 4264 881 4351 indignationis
896 4286 986 4328 sensu
1003 4263 1187 4350 pronuntiat
1200 4261 1277 4348 Cly·

176 4385 363 4433 taemneatra.
408 4372 480 4433 Non
495 4384 542 4433 est
557 4369 674 4455 igitur:
697 4368 906 4430 dormitisncl
939 4379 974 4428 ut
990 4362 1088 4428 Stanl.
1106 4362 1207 4441 vertit,
1223 4362 1277 4427 sed

176 4469 300 4557 potius:
325 4470 411 4547 Quid
431 4493 486 4534 vos
510 4470 639 4554 (malum
652 4471 674 4551 !)
698 4467 751 4532 hic
773 4465 940 4531 dormitis?
974 4462 1146 4528 Dormiatis
1167 4462 1277 4550 igitur,

699 4585 796 4652 3xa
