2984 5054
435 362 503 426 AD
525 362 925 431 AGAMEMNONEM.
1164 364 1229 428 ³81

130 549 218 593 mum
242 530 381 618 Longini
401 532 503 596 locum
527 530 676 596 indioavit
697 529 866 609 Dobraeus,
883 555 915 595 τ.
935 532 963 594 ὕ.
991 530 1022 612 5.
1036 547 1089 610 44.
1115 528 1169 593 ubi
1190 528 1231 594 de

130 632 251 716 πλούτῳ
264 631 415 719 loquitur.
437 635 621 717 χρονίσαντα
639 635 672 696 δὲ
686 636 778 696 ταῦτα
792 634 826 696 ἐν
845 637 907 700 τοῖς
927 634 1018 714 βίοις,
1033 639 1229 697 νεοττοποιεῖ-

130 756 190 805 ται,
214 736 289 797 κατά
313 734 382 801 τοὺς
404 733 527 815 σοφοὺς,
554 735 602 797 καὶ
623 732 737 817 ταχέως
759 735 909 816 γενόμενα
932 734 1008 815 πρὸς
1032 731 1229 808 τεκνοποιίαν,

131 830 310 906 άλοζάνειάν
331 858 365 897 τε
386 839 527 916 γεννῶσι,
547 835 597 897 καὶ
620 835 727 914 τάφον,
754 835 802 898 καὶ
825 833 948 916 τρυφήν,
966 834 1003 898 οὕ
1024 835 1100 899 νόθα
1117 835 1231 898 ἑαυτῶν

130 931 312 1014 γεννήματα,
336 935 418 998 ἄλλα
439 936 489 998 καὶ
509 933 588 999 πάνυ
610 933 732 1016 γνήσια.
755 937 809 999 ἐὰν
832 937 865 998 δὲ
892 937 940 1000 καὶ
966 937 1086 1004 τούτους
1109 961 1153 1002 τις
1177 939 1230 999 τοῦ

130 1035 262 1099 τλοθτου
283 1034 351 1102 τοὺς
373 1037 514 1117 ἐκγόνους
536 1039 578 1102 εἰς
598 1037 717 1115 ἡλικίαν
736 1039 838 1102 ἐλθεῖν
852 1039 938 1117 ἐάσῃ,
954 1037 1069 1121 ταχέας
1083 1039 1232 1105 δεσπότας

131 1142 198 1202 τοῖς
217 1142 334 1220 ψυχαῖς
354 1138 538 1201 ἐντίκτουσιν
556 1136 781 1218 άποραιτήτους,
796 1141 894 1220 ὕβριν,
911 1139 959 1203 καὶ
972 1141 1160 1222 παρανομίαν
1182 1141 1230 1203 καὶ

131 1237 357 1321 ἀναισχυντίαν.
380 1237 435 1302 ubi
450 1237 522 1302 vide
537 1237 689 1304 Tullium.
714 1241 889 1305 BLOMF.

176 1343 250 1426 756.
265 1344 345 1418 οδζθν
359 1340 518 1406 Pauwius.
542 1342 622 1417 άῖζάν
637 1340 741 1428 vulgo.

175 1457 250 1528 759.
271 1447 330 1526 γὰρ
351 1443 514 1527 δυσσεβὲς]
534 1442 819 1530 Traneponendum
841 1464 914 1507 oum
937 1443 1068 1509 Pauwio
1082 1447 1231 1526 δυσσεβὲς

132 1543 202 1626 νόν·

176 1649 248 1730 760.
263 1648 351 1734 μετά]
366 1650 487 1714 Postea.

176 1752 249 1833 761.
264 1749 289 1813 δ’
305 1750 350 1832 ἄρ’
366 1751 580 1815 casaubonus.
603 1753 661 1832 γάρ
676 1749 756 1814 libri.

176 1853 249 1933 762.
264 1853 315 1916 άεί
328 1853 497 1916 Poreonus.
520 1854 582 1917 olel
595 1853 698 1939 vulgo.

177 1955 359 2039 763-765.
374 1955 407 2017 in
422 1976 522 2019 unum
536 1976 660 2018 versum
675 1953 887 2042 oonjungendi
901 1954 1080 2042 pariterque
1100 1955 1132 2018 in
1150 1955 1229 2020 anti·

132 2055 272 2142 stropho.

176 2161 251 2241 764.
272 2161 359 2241 ὕβρις
375 2162 492 2224 παλαιά
510 2175 557 2225 eat
572 2169 661 2224 vetrae
675 2161 810 2246 ityitriu,
827 2182 850 2223 a.
866 2160 1030 2224 insolentis
1040 2160 1230 2246 petulunlioe

130 2262 431 2347 primamfaeinua‚
448 2284 513 2347 quo
534 2261 606 2348 quis
627 2259 722 2325 alium
743 2259 830 2325 laesit.
876 2261 929 2326 Ita
948 2261 979 2324 in
1005 2260 1119 2325 Paride
1143 2264 1231 2343 ὕβρις

132 2365 247 2426 ταλαιδ
261 2376 328 2426 erat
341 2363 475 2426 Helenae
495 2377 616 2450 raptus,
631 2375 663 2426 et
680 2361 764 2448 juris
784 2361 922 2448 hospitii,
937 2386 1002 2449 quo
1023 2385 1097 2427 eum
1117 2365 1229 2427 Mene-

132 2462 201 2528 laus
214 2477 391 2550 exceperat,
406 2463 540 2529 violatio.
566 2466 666 2530 SCH.

175 2565 321 2642 νεάζσυσα
341 2569 439 2648 ὕβρις,
460 2589 545 2631 nova
566 2568 704 2652 injurio,
731 2565 843 2629 veteris
864 2564 954 2652 quasi
978 2564 1043 2628 filia
1061 2589 1086 2629 a.
1112 2589 1151 2629 ex
1176 2567 1232 2631 illa

131 2689 317 2755 erumpens3
341 2683 377 2733 ut
392 2669 482 2733 Paria
495 2669 640 2756 injuriam
656 2668 766 2733 alienae
777 2666 884 2733 uxoris
897 2667 1028 2746 abactae,
1040 2667 1122 2732 bello
1136 2667 1228 2732 etiam

132 2768 248 2856 injusto
268 2769 309 2833 ad
331 2784 455 2856 raptum
479 2769 633 2835 tuendum
653 2786 754 2857 gesto,
770 2769 903 2855 ideoque
926 2782 1059 2833 veterem
1082 2769 1228 2857 injuriam

133 2893 215 2936 nova
228 2871 342 2959 injuria
357 2871 556 2937 defendebat.
581 2874 682 2937 SCH.

177 2975 251 3057 766.
274 2973 411 3037 Locutio
429 2973 489 3037 τότ’
506 2973 525 3054 ἢ
547 2974 606 3039 τότ’
623 2973 703 3039 valet
725 2974 907 3060 aliquamlo.
942 2971 1057 3058 Eurip.
1074 2971 1230 3036 Androm.

134 3074 206 3159 853.
229 3075 377 3157 ξυμφοραὶ
392 3075 533 3156 θεήλατοι
555 3082 658 3141 Πᾶσιν
679 3081 836 3157 βροτοῖσιν
860 3073 879 3153 ἢ
903 3073 963 3139 τότ’
985 3075 1092 3155 ήλθον,
1114 3073 1133 3154 ή
1152 3076 1230 3139 τότε.

134 3177 309 3243 BLOMF.

176 3277 234 3342 εὖτ’
248 3278 287 3343 δυ
301 3280 514 3343 Hermannus.
538 3280 611 3342 ὅταν
625 3277 707 3343 libri.

176 3381 211 3444 τὸ
227 3380 337 3465 κύριον]
352 3381 516 3445 Slululum
531 3389 662 3466 tempu-t.
686 3379 861 3444 BLOMF.

178 3486 250 3566 767.
273 3485 366 3564 νεαρδ
387 3481 483 3564 φάους
505 3481 604 3567 κάτον]
630 3481 740 3545 Lectio
764 3480 883 3546 vitiosa.
921 3481 999 3544 Post
1019 3480 1115 3561 φάους
1133 3479 1230 3545 inter·

134 3597 287 3672 punctum
302 3583 335 3648 in
350 3584 401 3648 Fl.
418 3586 461 3648 T.

178 3690 250 3773 769.
276 3686 342 3772 τὸν]
369 3684 575 3750 Scribendum
598 3688 654 3749 τὸν
679 3707 751 3748 oum
779 3686 975 3748 Hermanno.
1020 3685 1103 3748 Nam
1129 3683 1233 3748 verbis

133 3791 259 3869 δαίμονα
272 3814 306 3853 τε
319 3792 375 3853 τᾶν
389 3789 420 3853 in
435 3786 631 3874 antistropho
644 3787 832 3874 respondent
847 3788 959 3867 ὄμμασι
974 3785 1104 3851 λιποΰσ’.
1138 3788 1231 3850 Cete-

133 3912 204 3955 rum
226 3912 334 3954 versus
354 3912 418 3954 non
439 3889 561 3974 integer
581 3901 638 3951 eat.
662 3889 781 3971 άμαχον
802 3887 892 3975 ejecit
909 3886 1092 3965 Triclinius,
1115 3887 1169 3952 sed
1192 3888 1232 3953 ad

134 3993 287 4072 άτθλεμον
301 3991 455 4079 glossema
468 3988 643 4076 adscripsit,
657 3990 710 4053 τὸν
725 3992 856 4073 ἄμαχον,
872 3991 939 4054 ἀντὶ
952 3995 1030 4070 μιᾶς.

179 4111 252 4178 770.
273 4095 393 4176 ἀνίερον
414 4108 447 4157 et
467 4093 500 4156 in
521 4091 716 4178 antistropho
741 4093 813 4175 780.
836 4094 960 4172 δύναμιν
986 4093 1020 4157 οὕ
1046 4091 1084 4157 ad
1108 4114 1233 4156 versum

134 4195 360 4284 praeoedentem
382 4194 556 4272 referenda,
574 4194 631 4281 qui
653 4194 793 4258 trimeter
814 4193 965 4258 iambicus
979 4211 1036 4257 eat.
1082 4192 1236 4259 Deleatur

134 4318 255 4362 eomma
268 4311 340 4385 poet
355 4295 465 4379 θράσος
478 4295 626 4384 positum.

179 4416 252 4483 774.
265 4399 456 4481 λάμπει-ἐν
471 4397 663 4485 δυσκάπνοις]
680 4400 880 4483 Quamquam
902 4396 934 4460 in
953 4397 1112 4483 justorum
1135 4397 1235 4461 homi-

134 4521 210 4574 num
232 4501 365 4581 ouibus,
386 4523 448 4566 non
470 4522 566 4566 aurea
587 4498 751 4588 splendent
777 4498 946 4577 lacunaria,
971 4498 1025 4562 aed
1049 4497 1154 4584 potius
1179 4520 1236 4585 pa·
