2984 5054
260 354 325 418 aas
618 351 997 431 Annorumouas

304 523 376 585 818.
393 523 545 602 δύσφορον
560 522 768 606 ἀρσενογενὲς]
785 524 901 585 Versus
915 542 976 583 uon
992 520 1125 606 integer.

304 626 377 708 819.
393 622 571 686 Delendum
587 646 708 686 comma
722 640 793 709 post
808 624 947 702 διόμενοι.

304 728 376 810 823.
393 727 423 789 τί
436 726 461 788 δ’
476 726 547 788 ἀνευ
562 723 667 809 σέθεν]
679 730 802 789 πιδανευ
818 723 954 808 (πιδάνευ
966 723 1060 806 Ald.)
1077 722 1168 786 σέθεν
1185 723 1233 784 Μ.
1251 722 1371 787 Guelf.

260 824 338 890 Ald.
384 826 530 889 Correxit
547 826 628 890 Rob.
645 827 736 910 cujus
750 826 847 890 codex
864 828 895 888 τί
907 824 931 888 δ’
947 825 985 889 ἀν
999 824 1151 889 νευσέθεν.

305 927 378 1007 824.
393 931 528 991 θνατοῖσι
544 926 689 990 Bothius.
714 932 832 993 θνατοῖς
846 926 929 989 libri.

305 1029 345 1095 82
347 1050 485 1113 5-901.
502 1031 585 1093 Haec
598 1028 715 1094 fabulae
731 1052 802 1114 pars
817 1043 878 1092 tam
895 1030 975 1091 male
990 1028 1097 1091 habita
1111 1044 1157 1092 est
1173 1042 1208 1090 ut
1223 1027 1263 1090 de
1280 1027 1370 1092 vitiis

259 1129 415 1217 plerisque
437 1154 475 1194 ne
497 1133 684 1218 conjectura)
708 1130 834 1217 quidem
861 1128 1013 1217 probabili
1039 1128 1126 1193 locus
1149 1131 1198 1193 sit.
1245 1132 1369 1216 Itaque

260 1233 334 1294 satis
363 1232 546 1296 habebimus
575 1233 724 1296 librorum
757 1231 831 1294 vitia
859 1246 991 1308 notasse,
1020 1231 1139 1294 omissis
1171 1253 1243 1317 quae
1274 1231 1367 1295 nulla

260 1333 398 1397 veritatis
414 1335 513 1421 specie
528 1334 786 1397 commendantur
800 1333 994 1419 conjecturis.
1041 1335 1108 1397 Nec
1126 1333 1365 1397 scholiastarum

259 1437 483 1513 annotationes
500 1458 634 1521 quarum
657 1437 812 1522 pleraeque
834 1435 873 1500 ad
895 1434 1063 1520 scripturas
1079 1434 1204 1498 vitiosas
1218 1433 1366 1497 referun-

260 1547 323 1608 tur,
338 1537 511 1623 quidquam
528 1555 670 1624 prosunt.

301 1639 340 1701 82
342 1654 374 1723 5.
392 1639 573 1716 Scholiasta,
588 1646 680 1703 ταῦτα
694 1641 768 1720 μετά
782 1666 861 1706 τινος
875 1639 986 1706 πόθους
997 1641 1170 1718 ἀναβοῶσιν
1182 1640 1214 1716 ἐξ
1226 1640 1365 1703 ἀπόπτου

259 1741 326 1807 τοὺς
342 1744 540 1822 Αίγυπτιάδας
556 1745 681 1805 ἰδοῦσαι.

301 1841 438 1927 μάρπτις]
464 1844 573 1925 μάρπις
595 1844 645 1906 Μ.
667 1842 776 1907 Guell.
792 1841 869 1906 Ald.
887 1840 971 1905 Rob.
1018 1840 1198 1919 Scholiasta,
1221 1843 1237 1903 ό
1261 1843 1365 1905 ἐλθὼν

260 1943 309 2006 ἐπὶ
324 1943 357 2005 τδ
371 1943 490 2025 μάρψαι
504 1947 586 2024 ἡμᾶς.
633 1944 813 2032 Hesychius
827 1968 865 2007 ex
885 1943 943 2006 hoc
958 1943 1037 2028 ipso,
1055 1959 1089 2006 ut
1110 1943 1260 2029 Sopingio
1275 1944 1364 2006 vide-

259 2042 364 2121 batur,
387 2046 454 2107 loco
476 2046 624 2126 μάρπτυςι
648 2047 798 2126 ὑβριστής.
823 2045 875 2109 ubi
898 2047 1000 2108 Heur.
1019 2044 1128 2130 Steph.
1174 2055 1196 2085 “
1214 2046 1361 2109 Scriben-

259 2145 335 2208 dum
352 2145 631 2227 νὶόεῑιιτμαρπτής.
678 2149 759 2211 Ναιῐι
775 2150 907 2228 μαρπτός
920 2163 1000 2211 esset
1018 2147 1123 2232 potius
1141 2149 1253 2228 θβρις.”
1298 2149 1363 2210 Ce-

260 2259 361 2310 terum
385 2246 552 2311 delendum
576 2272 697 2313 comma
719 2266 789 2336 post
812 2250 903 2318 νάϊος.
949 2249 1163 2326 Scholiasta,d
1185 2250 1286 2331 πρόην
1303 2253 1364 2331 μὲν

261 2352 311 2414 ἐπὶ
326 2349 406 2428 νηδς,
423 2356 476 2414 νῦν
490 2355 523 2415 δὲ
539 2353 587 2415 ἐπὶ
602 2357 655 2433 γῆς
668 2354 810 2435 γεγονός.

303 2452 375 2534 827.
391 2454 448 2534 πρὸ
462 2455 572 2536 μάρπτι
589 2453 696 2540 Steph.
720 2457 887 2537 πρόμαρπτι
903 2455 953 2516 Μ.
969 2453 1044 2516 Ald.
1062 2454 1144 2519 Rob.
1162 2456 1265 2518 Turn.

303 2554 438 2644 κάμνοις]
461 2557 587 2636 κάμνους
602 2556 679 2619 Ald.
703 2555 842 2635 κάμνουσ’
865 2559 968 2619 Τυτιι.
1015 2556 1198 2635 Scholiasta,
1214 2559 1363 2638 πρότερον

259 2656 368 2732 θάνοις,
385 2656 408 2721 ὦ
422 2659 540 2739 μάρπτι,
556 2660 626 2739 πρὶν
636 2660 710 2739 ἡμᾶς
724 2665 902 2737 συλλαβεῖν.
926 2660 1042 2721 Versus
1054 2657 1083 2720 in
1098 2659 1147 2721 M.
1160 2659 1202 2722 sic
1212 2659 1361 2746 descripti

258 2766 361 2823 τῶν-
380 2758 384 2844 Ι
405 2760 456 2841 ίδφ
476 2760 480 2845 Ι
500 2763 539 2840 όμ
557 2762 624 2823 αὖθι
642 2760 748 2827 κάκκας
767 2761 772 2846 Ι
792 2787 827 2824 νυ
849 2766 976 2825 δυϊαν-
996 2758 1000 2844 Ι
1020 2763 1121 2840 ὁρῶ-
1140 2761 1145 2847 Ι
1163 2763 1315 2840 βιαίων-
1335 2761 1341 2848 Ι

258 2861 293 2938 ἠὲ
308 2862 415 2938 ἠέ-.

301 2961 353 3046 ἀμ]
373 2964 462 3047 Lego
477 2965 530 3044 ὅφ.
575 2963 773 3027 Exclamatio
788 2978 833 3026 est
849 2963 982 3027 dolentis
996 2980 1051 3028 aut
1067 2964 1218 3050 paventis.
1241 2966 1360 3028 Eusta-

258 3064 343 3129 thius
357 3065 397 3129 ad
415 3064 507 3129 Iliad.
525 3073 569 3129 M.
586 3090 616 3152 p.
633 3089 706 3150 900.
722 3067 743 3130 l.
763 3083 813 3149 27.
838 3065 925 3130 Ἀλλ’
942 3069 975 3130 ἔκ
990 3071 1042 3130 τοῦ
1060 3065 1102 3148 ἀφ
1121 3068 1360 3148 ἐπιφωνήματος,

259 3167 276 3231 δ
302 3171 377 3231 κατά
401 3170 566 3248 πνεύματος
592 3172 704 3251 ἀθρόαν
730 3170 873 3248 εἰσπνοὴν
899 3171 1049 3250 ἐγγίνεται
1077 3176 1139 3234 τοῖς
1168 3171 1315 3249 ἀλγοῦσιν
1340 3168 1360 3248 ἢ

259 3273 360 3353 φόβον
389 3276 527 3336 παθοῦσι.
565 3273 733 3336 STANL.
783 3271 965 3347 Scholiasta,
994 3271 1061 3355 ίδφ]
1091 3272 1139 3334 ἐπὶ
1165 3274 1361 3350 ἀπαπτυσμοῦ

258 3376 381 3454 μίσημα.
407 3373 519 3439 ἀπὸδὲ
542 3380 594 3438 τοῦ
615 3377 787 3453 ἀποπτθειν,
810 3376 990 3456 ἀπόφθεγμα
1013 3375 1144 3452 ἐποίησε.
1171 3373 1215 3436 διδ
1239 3378 1286 3436 δεῖ
1305 3373 1360 3451 τὴν

257 3475 386 3557 ὑστέραν
400 3478 550 3540 δασόνειν.
576 3478 687 3541 ἔστιδὲ
702 3483 788 3540 τοῦτο
804 3481 851 3540 διδ
865 3475 971 3555 μέσον.

303 3579 374 3643 828.
402 3578 520 3662 κόκκος]
546 3578 741 3643 Vocabulum
765 3593 947 3663 corruptum
974 3600 1031 3663 per
1051 3577 1234 3656 καταβάσεις
1256 3575 1357 3663 expli·

256 3695 347 3746 catur
360 3682 391 3745 in
407 3681 533 3745 scholio.
579 3681 730 3769 Hesychii
750 3681 881 3767 glossam
901 3681 989 3747 κάκας
1013 3681 1193 3761 ἐπιβάθραςε
1220 3680 1287 3746 τοὺς
1309 3684 1360 3758 τῆς

259 3789 361 3851 κακίας
386 3784 540 3866 ὑπηρέτας·
573 3786 799 3864 ἐπιβεβηκότας,
825 3783 1018 3871 comparavit
1043 3782 1255 3847 Abreschius:
1294 3805 1360 3868 qua

258 3888 334 3951 nihil
351 3887 521 3974 proficitur.

302 3989 349 4072 νο]
366 4015 400 4052 νιν
417 3990 465 4051 Μ.
484 3987 567 4052 Rob.

302 4092 374 4171 829.
391 4091 487 4174 δάϊον]
504 4089 588 4168 δηίαν
604 4089 768 4166 Stanleius,
784 4088 838 4174 qui
854 4088 961 4151 saltem
978 4090 1065 4154 δαΐαν
1077 4089 1242 4153 debuisset.
1287 4089 1359 4153 Ad-

253 4191 404 4278 jectivum
422 4192 502 4258 δύϊος
516 4205 707 4253 memoratur
721 4189 761 4252 ab
778 4190 982 4275 Theognosto
997 4194 1075 4256 Can.
1091 4215 1124 4278 p.
1139 4192 1193 4275 58,
1210 4211 1259 4274 19.

302 4293 394 4379 βοὰν]
409 4298 488 4373 βοάν
504 4293 552 4356 Μ.

302 4397 454 4481 ἀμφαίνω]
471 4395 604 4477 ἕμφαίνω
621 4391 729 4456 Guelf.
746 4393 823 4456 ΑΜ.
840 4395 943 4458 Turn.
1044 4429 1049 4437 ·

303 4502 375 4586 830.
397 4502 526 4580 πρόξενα
541 4498 644 4561 Τατη.
660 4511 691 4559 et
710 4495 819 4583 Steph.
835 4495 1031 4584 interpolatio
1045 4513 1102 4561 est.
1149 4497 1358 4564 Restituenda
