2984 5054
494 376 563 439 AD
585 371 989 439 AGAMEMNONEM.
1230 366 1294 430 827

189 568 220 630 4.
243 565 318 632 393.
342 545 485 621 ἀντίτομα
506 547 633 625 στερεᾶν
656 544 775 607 ὀδυνᾶν.
803 539 907 604 Schol.
934 539 1076 616 ἀντίτομα
1101 540 1134 602 δὲ
1160 536 1225 601 είπε
1257 541 1296 602 τὰ

191 646 428 730 ἀλεξιφάρμακα,
453 649 527 709 κατὰ
553 646 727 727 μεταφορλν
750 643 805 721 τὴν
827 642 886 706 ἀπὸ
912 647 971 705 τῶν
991 643 1159 722 ῥιζοτόμων.
1182 642 1294 705 ἁπλού-

192 775 300 832 στερον
316 751 348 813 δὲ
369 751 404 827 τῇ
427 749 540 831 ἰατρικῇ
561 747 720 829 χρώμενοι,
743 747 781 808 τᾶ
802 745 906 809 πολλὰ
923 748 983 805 τῶν
1004 740 1185 822 παθημάτων
1202 743 1294 823 ῥίζαις

192 851 474 934 interpunctionis
494 847 653 928 τέμνοντες
676 848 864 924 ἐπετίθεσαν,
883 845 922 912 ὥς
936 848 1113 925 Πάτροκλος
1131 841 1240 924 (Iliad.
1255 849 1293 906 Λ.

194 956 284 1039 846.)
312 954 361 1018 ἐπὶ
384 954 417 1015 δὲ
441 952 524 1032 ῥίζαν
548 949 630 1030 βάλε
659 949 774 1030 πικρήν,
802 949 897 1030 Χερσὶ
923 947 1295 1030 διατρίψας-ἀντίτομον

192 1056 351 1140 φάρμακον
369 1068 415 1117 est
435 1052 467 1116 id
490 1050 675 1130 remedium,
694 1049 781 1137 quod
803 1065 925 1114 secatur
945 1064 977 1115 et
999 1063 1139 1134 paratur,
1159 1070 1195 1113 ac
1216 1071 1296 1134 prm-

192 1158 286 1223 betur
306 1155 399 1221 alicui
421 1154 571 1219 adversus
593 1152 694 1217 morbi
716 1151 839 1217 dolores
860 1165 892 1216 et
908 1152 983 1217 vim.
998 1152 1113 1238 Eurip.
1128 1151 1202 1216 Alc.
1218 1151 1294 1236 982.

193 1259 251 1325 οὐδ’
268 1260 329 1324 ὅσα
342 1263 457 1338 Φοῖβος
470 1255 706 1335 Ἀσκληπιάδαις
725 1256 816 1322 ἔδωκε
835 1255 983 1338 Φιίρμακα
1003 1257 1186 1321 πολυπόνοις
1199 1253 1297 1319 Ἀντι-

193 1363 289 1443 τεμων
309 1360 477 1442 saporata?
522 1360 604 1423 Haec
627 1358 748 1423 notavit
775 1358 939 1423 Stanleius.
984 1356 1100 1444 Adjice
1122 1355 1295 1421 Ruhnken.

192 1463 233 1528 ad
259 1466 359 1528 Hom.
383 1463 429 1525 H.
454 1462 524 1525 Cer.
548 1477 621 1543 229.
644 1458 772 1525 Jacobs.
795 1459 967 1524 Animadv.
989 1461 1030 1525 ad
1051 1459 1165 1547 Eurip.
1190 1482 1222 1547 p.
1243 1463 1297 1545 36.

194 1568 310 1632 Noster
332 1562 444 1650 Suppl.
462 1562 535 1647 803.
558 1563 622 1627 Τίν’
643 1559 717 1644 ἀμφ’
738 1562 828 1628 αι’ντᾶς
850 1563 893 1627 ἔτι
913 1566 1008 1645 πόρον
1029 1563 1107 1644 τίμω
1129 1563 1225 1645 γάμου
1248 1564 1299 1627 καὶ

195 1667 329 1750 λυτήρια.
353 1665 540 1752 Hippocrat.
560 1665 629 1747 περὶ
649 1666 774 1748 εὖσχημ.
796 1688 827 1752 p.
844 1666 958 1742 16,12.
981 1664 1184 1747 μαλαγμιίτων
1206 1663 1297 1747 γένεα

199 1767 397 1848 -ποτήματα
416 1765 535 1846 τέμνειν
561 1765 720 1848 δυνάμενα,
743 1767 798 1853 qui
821 1769 908 1831 locus
930 1766 1140 1831 subobscurus
1162 1765 1204 1830 sic
1226 1789 1298 1830 con·

198 1870 366 1937 struendus
381 1867 514 1935 videtur.
559 1870 611 1932 Ex
635 1869 683 1933 his
706 1869 824 1956 patebit
838 1870 884 1933 vis
899 1867 1042 1933 vocabuli
1063 1870 1222 1951 ῥιζοτόμος,
1242 1872 1297 1955 qui

195 1974 440 2039 medicinarum
459 1971 621 2036 radicibus
642 1973 733 2036 sectis
752 1981 863 2058 parat.
909 1971 1058 2036 Diversus
1079 1971 1196 2058 glossas
1218 1973 1299 2035 male

196 2077 340 2142 confusas
353 2073 472 2140 habent
487 2074 622 2139 Photius
643 2088 675 2139 ct
699 2074 821 2139 Suidas.
844 2073 995 2156 Τίμνουσι
1017 2073 1183 2156 φάρμακον.
1206 2081 1298 2154 τιμῶ-

197 2205 255 2245 σιν.
277 2179 429 2260 ἡγοῦνται.
452 2178 544 2244 οὕτως
558 2178 650 2241 ἄλλοι
664 2203 697 2241 τε
713 2178 760 2241 καί
774 2175 935 2259 Ἱεροκλῆς.
957 2176 1132 2242 BLOMF.

242 2281 290 2344 18.
307 2278 417 2360 κλαίω]
433 2278 638 2343 Scribendum
655 2278 745 2344 κλάμ.

241 2400 291 2449 22.
315 2381 356 2445 Ῑα
371 2379 450 2444 Ald.
465 2394 534 2468 post
550 2382 688 2463 λαμπτὴρ
702 2396 734 2446 ct
748 2399 820 2469 post
836 2382 940 2450 νυκτὸς
953 2404 1074 2446 comma
1088 2381 1224 2469 positum
1241 2394 1299 2462 est,

198 2485 229 2549 in
256 2486 360 2548 Turn.
388 2496 461 2571 post
490 2483 637 2565 λαμπτήρ.
684 2484 943 2571 Interpunctione
971 2498 1054 2549 caret
1085 2484 1170 2549 Rob.
1215 2487 1327 2550 Cum·

198 2584 343 2651 Turnebi
364 2584 615 2672 interpunctione
634 2584 788 2648 consentit
809 2583 981 2664 scholiasta,
1000 2586 1056 2672 qui
1077 2587 1248 2666 annotavit,
1268 2590 1301 2652 ἐκ

198 2688 301 2754 νυκτὸς
314 2685 427 2768 ἡμέραν
441 2686 512 2766 ήμῖν
522 2686 626 2754 διδοίς.
672 2684 767 2764 Quod
783 2709 844 2751 non
860 2687 965 2772 potuit
978 2687 1093 2753 omisso
1107 2691 1141 2754 ἑκ
1156 2689 1226 2755 dici.

239 2789 401 2873 ἡμερήσιον
414 2788 603 2878 plerumque
617 2789 662 2853 ita
677 2788 793 2854 dicitur
808 2805 844 2854 ut
864 2790 1014 2877 significet
1030 2791 1117 2877 quod
1133 2792 1227 2857 unius
1242 2793 1303 2858 diei

198 2907 261 2958 est:
287 2893 388 2957 rarius
409 2891 558 2957 diurnum
579 2891 741 2978 significat,
757 2892 934 2979 oppositam
957 2908 1121 2960 nocturno.
1144 2895 1302 2982 Hippocr.

199 3021 230 3086 p.
245 3010 322 3081 595,
340 3015 392 3063 21.
414 2999 453 3060 τὰ
471 2997 528 3075 μὲν
542 2994 687 3076 ήμερήσια
709 2996 974 3083 τρυχία-ῳιὶίιιις
996 3001 1034 3062 τὰ
1055 3000 1088 3061 ὀὶ
1111 2999 1223 3080 νύκτωρ
1244 3022 1301 3086 op-

199 3100 297 3187 ponit.
318 3097 433 3184 Polyb.
456 3117 486 3181 9,
504 3116 555 3182 13,
577 3100 605 3161 6.
629 3101 681 3165 τὸς
702 3099 877 3180 ἡμερησίους
904 3099 952 3164 καὶ
975 3104 1145 3182 νυκτερινὰς
1169 3104 1302 3183 πορείας.

199 3200 255 3266 Ad
269 3199 367 3286 hujus
380 3197 525 3285 adjectivi
541 3198 776 3264 similitudinem
790 3199 909 3264 dictum
933 3214 980 3265 cst
1001 3201 1201 3284 νυκτερήσιος,
1218 3201 1304 3289 quod

199 3301 404 3389 Aristophani
436 3300 567 3366 Thesm.
599 3321 670 3382 204.
702 3302 837 3367 restituit
865 3304 1024 3368 Dobraeus
1054 3311 1202 3387 γυναικῶν
1232 3305 1306 3388 ἔργα

200 3404 385 3488 νυκτερήσια,
402 3403 456 3469 ubi
471 3402 543 3468 libri
559 3409 745 3487 νυκτερείσια
760 3428 798 3468 ex
814 3405 921 3470 eadem
934 3406 1123 3493 corruptela,
1139 3430 1203 3493 qua
1218 3408 1305 3494 apud

201 3506 378 3572 Lucianum
395 3505 457 3570 vol.
475 3526 505 3574 2.
522 3528 552 3593 p.
570 3524 588 3571 2
590 3522 643 3592 57.
659 3507 794 3590 χρησμὸς
808 3507 996 3587 νυκτερήσιος
1008 3506 1041 3570 in
1065 3505 1151 3573 libris
1177 3508 1306 3595 quibus-

199 3611 272 3673 dam
287 3609 319 3673 in
336 3611 534 3690 νυκτερείσιας
548 3623 579 3673 et
595 3615 777 3690 correpturos
792 3622 838 3672 est
852 3621 1029 3694 corruptus.

246 3730 297 3797 23.
313 3711 405 3797 φάος]
421 3715 475 3776 νῦν
491 3718 556 3793 φῶς
570 3712 610 3776 V.
626 3713 677 3776 Fl.
696 3713 738 3775 Τ.

245 3830 296 3900 25.
314 3813 360 3879 tot
375 3813 435 3900 ίοτί]
454 3814 690 3900 Interjectiones
704 3812 856 3878 laetantis:
881 3816 1085 3900 quamobrem
1113 3821 1159 3884 ίοΰ
1176 3820 1221 3884 ίοῦ
1236 3820 1309 3885 scri-

199 3916 340 3982 bendum
356 3938 395 3981 ex
411 3930 570 4004 praecepto
583 3917 869 4004 grammaticorum,
882 3915 922 3981 de
933 3942 998 4004 quo
1013 3919 1080 3985 dixi
1095 3921 1126 3986 in
1141 3924 1307 3991 Thesauro

206 4016 359 4104 Stephani
375 4017 438 4083 vol.
453 4039 484 4101 4
501 4043 532 4107 p.
550 4022 623 4106 623.
670 4027 692 4058 “
708 4016 979 4083 Exclamationem
998 4024 1052 4096 aa,
1070 4026 1115 4087 ἰοῦ
1129 4039 1202 4091 ante
1215 4051 1247 4093 v.
1266 4046 1306 4094 22

200 4121 299 4208 rejicit
314 4122 529 4187 Hermanuus.
575 4120 699 4186 Nollem
715 4123 845 4186 factum.
890 4123 1087 4189 Excubiator
1105 4128 1241 4213 primum
1258 4131 1307 4197 fa·

200 4245 267 4287 cem
282 4223 409 4303 salutat,
425 4223 496 4289 dein
514 4225 785 4312 Clytaemnestram
805 4223 864 4288 hac
885 4225 1110 4294 exclamatione
1125 4235 1308 4321 expergefa-

201 4347 269 4389 cere
285 4325 386 4390 vult.”
410 4326 587 4392 BLOMF.

245 4428 297 4492 26.
324 4433 447 4509 σημανῶ
472 4429 514 4491 Τ.
544 4427 653 4514 Steph.
677 4431 810 4508 σημαίνω
836 4451 940 4494 errore
963 4430 1091 4496 solemni
1118 4435 1169 4497 M.
1197 4436 1305 4504 Guelf.

203 4526 282 4595 Ald.
299 4527 383 4594 Rob.
402 4531 506 4594 Turn.
765 4544 768 4549 '
