2984 5054
494 372 563 436 AD
585 371 989 437 AGAMEMNONEM.
1227 377 1293 439 343

192 539 261 604 κυσὶ
274 540 393 619 πατρός,
409 535 555 623 intelligit
571 535 780 603 Klausenins:
804 539 846 604 ab
860 538 914 604 illo
933 540 1014 603 enim
1038 540 1117 626 petit
1133 539 1238 606 Diana
1259 557 1296 607 ut

191 652 295 703 ratum
310 637 404 702 faciat
418 636 505 724 quod
520 637 691 723 portendit.

237 744 341 820 κρᾶναι
360 738 408 803 vel
432 739 536 820 κρίναι
556 740 607 803 Μ.
629 739 680 804 Fl.
697 742 740 806 Τ.
757 740 866 808 Guelf.
883 744 986 806 Turn.
1002 740 1080 806 Ald.
1094 741 1179 806 Rob.
1202 743 1297 825 φάναι

195 841 305 929 Stepb.
320 864 360 905 ex
374 840 576 905 annotatione
591 840 776 908 scholiasta.

240 964 311 1028 145.
326 946 407 1024 δεξιὰ
420 946 491 1029 μὲν]
511 943 695 1021 Scholiasta,
712 947 794 1024 δεξιά
807 946 856 1009 διδ
869 944 924 1024 τὴν
945 949 1037 1026 νίκην,
1054 945 1235 1028 κοτάμομφο
1249 951 1297 1013 διδ

195 1045 247 1110 πδν
261 1048 358 1129 χόλον
370 1045 552 1127 Ἀρτέμιδος.

238 1147 383 1230 φάσματα
405 1146 572 1232 στρουθῶν]
595 1153 654 1212 τῶν
677 1153 829 1231 στρουθῶν
851 1147 901 1212 Fl.
918 1150 961 1212 T.
1002 1156 1024 1188 “
1041 1148 1121 1214 Dele
1144 1157 1297 1232 στρουθῶν

196 1272 235 1313 ex
251 1249 290 1313 Il.
306 1256 341 1330 B,
356 1271 431 1336 311.
452 1265 484 1315 et
506 1273 593 1337 seqq.
615 1249 868 1338 interpolatum?
890 1251 1086 1316 PORSON.
1130 1252 1297 1318 verissime

197 1352 367 1417 Porsonus.
413 1352 528 1417 Deleto
551 1367 656 1417 autem
680 1358 842 1435 στρουθῶν,
865 1353 952 1440 quod
980 1367 1081 1420 metro
1102 1355 1296 1435 adversatur,

198 1454 309 1519 lacuna
323 1454 500 1520 indicanda.
547 1457 611 1519 Per
625 1457 721 1520 ἀετῶν
734 1454 870 1543 explicat
885 1456 1065 1522 scholiasta:
1093 1458 1149 1545 qui
1164 1481 1226 1524 non
1241 1482 1297 1547 po·

199 1569 329 1621 tuerunt
343 1560 486 1640 στρουθοὶ
500 1556 571 1622 dici.

242 1661 313 1740 146.
329 1659 417 1746 ἰήιον]
432 1663 499 1740 inor
513 1658 591 1724 Ald.
608 1661 712 1724 Turn.
734 1663 810 1725 ίκιον
825 1659 910 1725 Rob.

242 1761 353 1847 πολίω]
373 1769 455 1827 καλῶ
470 1762 641 1828 Burneius.

247 1880 314 1946 149.
335 1865 480 1948 ἐχενῇδας
497 1863 662 1929 Burneius.
686 1863 841 1948 ἐχενηίδος
855 1863 938 1928 libri.
960 1866 1084 1948 χρονίας
1098 1880 1169 1952 post
1184 1867 1299 1950 ἐχενηί-

200 1970 253 2033 δος
267 1966 489 2053 transpositum
504 1966 536 2030 in
552 1968 596 2032 T.

245 2084 315 2153 150.
330 2068 474 2155 ἀπλοίας]
490 2068 618 2137 δπλοίας
632 2069 706 2134 Ald.
720 2068 805 2133 Rob.
830 2068 974 2136 ἁπλοΐδας
989 2068 1039 2134 Fl.
1056 2070 1098 2133 Τ.

248 2187 317 2257 151.
340 2173 529 2253 σπευδομένα
543 2175 586 2238 Τ.
602 2173 688 2238 Rob.
705 2171 815 2260 Steph.
834 2170 1022 2254 σπευδομένα
1037 2172 1115 2237 Ald.
1133 2174 1236 2239 Turn.
1253 2176 1300 2258 (et

205 2271 309 2337 Guelf.
324 2297 344 2338 a
357 2275 555 2358 correctore).
578 2277 743 2355 σπευδομαι
756 2298 832 2339 voce
854 2275 956 2338 media
978 2275 1132 2340 rarissime
1153 2276 1299 2354 occurrit,

203 2374 306 2438 nescio
319 2397 359 2438 an
374 2374 458 2455 alibi,
472 2376 530 2440 nisi
545 2375 577 2441 in
594 2378 730 2441 Eumeu.
747 2381 822 2464 363.
838 2380 1037 2459 σπευδόμεναι
1051 2379 1075 2442 δ’
1090 2381 1220 2461 ἀφελεῖν
1233 2383 1301 2444 τινδ

202 2475 294 2540 τάσδε
314 2478 464 2558 μερίμνας.
486 2480 661 2559 σπεύδομαι,
677 2478 780 2543 media
793 2501 879 2557 voce,
899 2502 990 2565 oeque
1011 2502 1047 2542 ac
1068 2483 1219 2563 χαίρομαι,
1234 2482 1302 2545 Da·

202 2578 328 2643 tisinum
354 2602 421 2644 esse
444 2581 488 2645 ait
512 2580 683 2646 Elmsleius
704 2580 745 2644 ad
768 2580 883 2668 Eurip.
907 2580 996 2645 Med.
1020 2606 1052 2669 p.
1072 2600 1142 2646 112.
1164 2582 1215 2646 cui
1238 2605 1300 2647 non

201 2682 359 2747 assentior.
404 2682 530 2770 Quippe
544 2686 661 2768 χαίρειν
676 2682 808 2748 verbum
822 2698 870 2748 est
884 2699 1044 2761 neutrum,
1060 2686 1177 2749 σπεύδω
1193 2684 1302 2748 transi-

204 2783 302 2847 tivum
314 2807 324 2863 ;
357 2784 492 2872 ideoque
516 2799 601 2850 recte
626 2785 687 2850 dici
711 2785 814 2873 potuit
836 2788 999 2866 σπεύδομαι
1020 2788 1192 2874 depropero
1212 2788 1301 2852 mihi.

205 2886 353 2950 Ceterum
366 2887 399 2951 in
414 2886 474 2952 hoc
488 2887 557 2952 loco
568 2888 701 2953 Calchas
712 2888 892 2976 Apollinem
908 2889 1031 2954 invocat
1046 2889 1087 2954 ad
1101 2890 1301 2957 avertendam

205 2988 317 3053 Dianae
331 2989 419 3053 iram.
443 2991 618 3055 BLOMF.

248 3093 369 3180 θυσίαν]
388 3091 575 3157 Observavit
598 3094 766 3160 Schutzius
782 3095 970 3183 AEschylum
993 3118 1131 3159 caussam
1155 3093 1303 3159 adtulisse

206 3193 278 3257 satis
299 3193 433 3272 futilem,
457 3216 530 3281 quae
551 3195 685 3261 Dianam
708 3197 748 3262 ad
772 3198 897 3262 classem
920 3196 952 3260 in
968 3196 1088 3262 Aulide
1108 3197 1302 3261 retinendam

205 3294 375 3382 impulerit,
392 3296 631 3386 Iphigenioeque
646 3300 828 3365 sacrificium
844 3298 1044 3386 exigendum.
1089 3298 1183 3377 Quod
1202 3299 1305 3363 nescio

205 3419 245 3462 an
260 3422 333 3463 vere
353 3399 603 3464 animadversum
626 3402 665 3466 sit
677 3425 687 3482 3
712 3424 848 3489 namque
871 3401 930 3467 hoc
952 3417 1132 3490 portentum
1155 3424 1216 3464 non
1240 3416 1303 3467 tam

205 3522 319 3566 οαιιιοο
340 3524 435 3588 qnam
457 3504 590 3590 signium
612 3504 674 3569 fuit
696 3504 836 3569 sacrificii
858 3505 899 3568 ab
922 3503 1046 3567 Atridis
1066 3526 1140 3567 mox
1163 3525 1306 3567 consum-

207 3603 321 3667 mandi.
368 3605 443 3692 Ipse
458 3628 530 3669 vero
544 3608 765 3691 Agamemnon
785 3604 975 3691 jamdudum
991 3626 1107 3668 numen
1124 3603 1236 3667 Dianae
1250 3603 1304 3668 la>-

207 3720 298 3771 serat.
343 3706 497 3771 Fabulam
519 3708 559 3772 de
575 3709 750 3796 Iphigeniae
771 3707 967 3781 mactatione,
982 3729 1041 3793 pro
1055 3705 1147 3769 libitu
1161 3704 1306 3769 immuta-

207 3822 283 3872 runt
296 3823 408 3894 poetae.
426 3809 520 3896 Soph.
538 3810 657 3875 Electr.
673 3814 746 3895 576.
764 3809 887 3875 Callim.
904 3811 949 3873 H.
966 3808 1061 3873 Dian.
1078 3811 1151 3874 262.
1166 3823 1197 3872 et
1212 3809 1306 3897 scrip-

208 3924 258 3974 tor
279 3915 339 3974 τῶν
361 3914 508 3994 Κυπρίου,
532 3927 609 3977 teate
630 3913 754 3992 Prusia,
772 3913 821 3978 ed.
845 3912 1005 3978 Gaisiord.
1027 3934 1059 3999 p.
1081 3928 1156 3997 475.
1171 3911 1306 3977 Dianam

208 4035 245 4076 eo
260 4011 369 4077 iratam
385 4013 481 4080 fuisse
496 4015 637 4094 tradunt,
652 4014 739 4102 quod
753 4018 986 4102 Agamemnon,
1002 4035 1124 4077 cervam
1139 4014 1307 4101 configens,

208 4138 241 4179 se
254 4114 323 4178 deae
332 4113 503 4201 jaculando
517 4141 622 4204 parem
635 4117 775 4205 jactavit.
808 4118 859 4182 Ct‘.
877 4118 988 4180 Tzetz.
1003 4115 1044 4180 ad
1061 4116 1221 4202 Lycophr.
1237 4117 1308 4198 184.

210 4216 343 4280 Ptolem.
359 4218 524 4305 Hephaest.
540 4243 590 4306 ap.
607 4221 701 4284 Phot.
720 4219 801 4284 Ribl.
820 4242 852 4306 p.
868 4220 942 4305 483.
962 4217 1017 4282 ubi
1040 4216 1147 4281 fabula
1169 4217 1309 4304 aliquan·

211 4331 279 4382 tum
296 4319 442 4385 variatur.
487 4321 658 4408 Euripides
672 4344 757 4400 vero,
772 4322 828 4409 qui
843 4345 882 4386 ex
897 4333 1021 4409 recepta
1036 4320 1137 4384 aetatis
1155 4342 1220 4384 sure
1239 4341 1308 4406 my-

212 4421 351 4508 thologia
370 4424 513 4488 recedere
533 4424 669 4502 amabat,
686 4422 883 4510 Iphigeniam
902 4447 941 4487 ex
964 4437 1038 4487 voto
1055 4422 1190 4508 quodam
1212 4419 1310 4507 patris

213 4524 261 4588 sui
285 4525 399 4590 Dianae
419 4526 557 4602 debitam
577 4525 673 4591 fuisse
692 4524 796 4590 tradit.
842 4523 1035 4591 Sacrificium
1058 4521 1158 4608 tangit
1182 4519 1309 4585 Pindar.
