2984 5054
496 375 563 438 AD
587 375 883 440 EUMENIDES.
1177 381 1242 448 549

185 558 259 624 392.
270 541 497 623 μοιρόκραντον]
511 541 718 622 μοιρίκραντον
730 540 839 605 Guelf.
852 541 928 606 Ald.
951 544 1145 625 μοιράκρατον
1157 543 1240 608 Rob.

184 660 258 726 393.
275 642 335 726 ἐπὶ]
353 640 558 706 Soribendum
575 642 624 705 ἔπι
637 665 676 705 ex
689 641 863 716 scholiasta,
879 642 934 729 qui
959 665 1013 729 per
1028 644 1131 708 ἔπεστι
1145 644 1243 731 expli-

141 757 200 806 cat.
224 743 289 807 ἔστι
305 745 409 806 Τατα.

184 865 258 930 394.
274 845 363 927 γέρας
376 845 516 918 παλαιὸν,
532 843 606 928 οὐδ’]
627 845 711 907 Duae
730 866 770 907 ex
786 844 845 909 hoo
860 868 949 910 versu
972 846 1100 934 syllabae
1118 848 1241 913 excide·

141 962 227 1024 runt,
238 970 371 1033 quarum
388 946 650 1010 restituendarum
667 945 773 1032 plures
787 962 896 1034 patent
910 949 977 1012 viae.
1001 949 1096 1013 πάλαι
1109 951 1241 1016 παλαιὸν

141 1049 274 1135 conjecit
292 1048 481 1112 Wieselerus
494 1047 613 1112 collatis
634 1046 799 1134 Euripidis
813 1048 916 1113 verbis
930 1051 1033 1114 Orest.
1049 1052 1123 1119 802.
1145 1053 1241 1118 πάλαι

141 1155 272 1217 παλαιᾶς
287 1152 345 1215 ἀπὸ
362 1156 516 1233 συμφορᾶς
529 1151 636 1231 δάμων.
675 1149 805 1214 Lioebat
821 1150 1030 1237 probabiliora
1044 1154 1231 1240 exoogitare.

184 1251 243 1316 οὐδ’
265 1254 380 1332 ἀτιμίας
393 1253 483 1340 κυρῶ]
504 1254 583 1315 Haeo
598 1273 773 1338 repugnare
788 1252 933 1316 videntur
948 1255 1168 1340 superioribus,
1184 1256 1240 1320 uhi

141 1352 223 1436 λάχη
239 1376 296 1418 sua
309 1355 398 1434 άτιμο
412 1368 443 1418 et
458 1356 559 1418 ἀτίετα
574 1352 784 1417 nominabunt.
812 1353 874 1418 Sed
889 1355 1006 1442 duplex
1022 1369 1088 1421 erat
1102 1357 1240 1422 conditio

143 1454 321 1518 Furiarum.
366 1454 491 1532 Altera,
507 1454 592 1540 quod
607 1456 744 1519 exolusae
765 1471 867 1520 essent
885 1479 905 1520 a
922 1458 1050 1521 deorum
1073 1458 1238 1536 consortio,

140 1571 172 1620 et
201 1557 286 1643 quod
313 1561 399 1645 apud
425 1557 495 1621 illos
519 1556 680 1620 honoratae
704 1579 766 1620 non
792 1573 904 1635 essent,
928 1559 969 1624 cs.
998 1583 1029 1622 v.
1055 1560 1126 1623 186.
1154 1579 1236 1645 2233

139 1659 248 1738 altera,
269 1659 354 1748 quod
377 1658 556 1723 hominibus
577 1657 762 1722 venerandae
783 1673 896 1739 essent,
917 1660 958 1724 ab
972 1661 1071 1747 iisque
1093 1683 1154 1726 non
1173 1662 1239 1727 sine

140 1778 225 1827 metu
241 1778 273 1828 et
287 1764 414 1828 horrore
429 1761 612 1827 oolerentur.
638 1763 737 1826 SCH.

181 1869 255 1950 396.
272 1865 428 1952 δυσήλιον]
448 1863 653 1928 Soribendum
671 1861 823 1927 δυσάλιον.

181 1985 256 2052 397.
273 1967 425 2031 Deleatur
436 1988 557 2031 oomma
570 1964 734 2052 postlimio
750 1979 781 2029 et
796 1980 933 2052 ponatur
945 1982 1017 2053 post
1032 1968 1236 2052 Σκαμάνδρου.

182 2069 257 2152 398.
279 2072 337 2150 γῆν
359 2066 639 2150 καταφθατουμένη]
664 2067 715 2131 Sic
741 2066 908 2153 legendum
926 2068 1069 2135 arbitror.
1106 2071 1136 2134 A
1156 2071 1237 2136 Sca·

139 2170 283 2247 ιιιατιάτο,
299 2178 414 2233 tet-rum
428 2191 584 2256 occupans
597 2191 744 2256 quom-.
768 2169 960 2256 Hesychius,
976 2170 1060 2236 huno
1074 2171 1187 2251 looum,
1201 2187 1238 2237 ut

140 2271 276 2348 videtur,
299 2270 475 2357 respicienS,
497 2270 752 2352 Καταφατονμένη
773 2270 1122 2355 (1.καταφθατουμένη);
1148 2299 1236 2337 κατα·

141 2371 281 2452 κτωμένη.
305 2373 408 2453 κυρίως
423 2374 455 2436 δὲ
470 2372 504 2435 τὸ
520 2375 553 2435 ἔκ
566 2371 832 2454 προκαταλήψεως.
869 2372 996 2458 Sigeum
1009 2373 1165 2461 intelligit,
1181 2374 1236 2439 ubi

140 2474 291 2561 templum
315 2474 411 2538 fuisse
434 2473 589 2537 Minervae
612 2472 796 2536 Herodotus
822 2471 916 2536 refert
936 2489 968 2557 5,
992 2493 1043 2558 95.
1066 2476 1160 2543 Αὐτὸς
1180 2478 1237 2556 μὲν

142 2579 301 2663 (Alcaeus)
318 2581 440 2661 φεύγων
454 2579 603 2659 ἐκφεύγει,
618 2580 656 2640 τὰ
670 2575 704 2640 δέ
717 2577 747 2640 ol
760 2577 841 2639 ὅπλα
855 2579 996 2660 ἴσχουσιν
1007 2577 1170 2658 Ἀθηναῖοι,
1187 2583 1239 2647 καί

140 2691 201 2763 σφε
217 2680 423 2762 ἀνεκρέμασαν
436 2677 511 2760 πρὸς
524 2678 559 2741 τὸ
572 2675 733 2758 Ἀθήναιον
747 2679 781 2740 τὸ
796 2680 830 2742 έν
844 2681 961 2764 Σιγείφ.
1006 2681 1149 2746 Eandem
1172 2683 1235 2749 his-

140 2783 248 2846 toriam
264 2781 367 2845 innuit
381 2782 511 2845 Aloaeus
525 2779 610 2867 apud
634 2779 776 2844 Strabon.
796 2801 844 2866 13.
860 2804 891 2868 p.
910 2784 985 2847 600.
1022 2783 1108 2847 Hinc
1129 2807 1236 2848 ansam

138 2900 243 2972 captat
266 2884 450 2972 AEschylus,
473 2906 538 2970 quo
559 2882 672 2948 excitet
694 2881 904 2947 Athenienses
926 2883 967 2948 ad
987 2886 1236 2973 recuperandum

140 2987 268 3073 Sigeum
283 2985 315 3048 in
332 2984 587 3073 Mitylenaeorum
605 3008 715 3049 manus
730 3008 831 3072 nuper
844 2985 1017 3073 delapsum.
1058 2987 1237 3052 Scholiastae

141 3089 244 3162 verba,
261 3089 352 3174 eujus
373 3109 413 3150 ex
434 3086 619 3150 auctoritate
641 3101 707 3150 tota
728 3086 780 3150 illa
802 3086 927 3173 pendet,
946 3110 1040 3174 quam
1063 3088 1235 3169 attulimus,

138 3190 363 3276 interpretatio,
378 3188 446 3252 haec
468 3201 560 3251 sunt:
584 3193 782 3267 Μιτυληναῖοι
802 3188 949 3271 ἐμάχοντο
970 3192 1045 3272 πρὸς
1062 3189 1238 3270 Ἀθηναίους

138 3295 206 3374 περὶ
227 3295 343 3358 πόλεως
363 3292 490 3373 Σιγείου·
516 3289 678 3372 (Laertius
696 3287 728 3350 in
753 3287 816 3352 vita
836 3288 951 3353 Pittaoi
976 3311 1004 3367 1,
1024 3308 1075 3374 74.
1097 3295 1237 3374 περὶτῆς

137 3394 354 3477 Ἀχιλλειτίδος
364 3393 471 3476 χώρας.
489 3391 603 3456 Strabo
614 3411 663 3475 13.
678 3412 710 3476 p.
722 3408 797 3474 413.
810 3392 881 3453 Cas.
897 3391 931 3453 τὸ
944 3389 1121 3474 Ἀχίλλειον
1135 3409 1238 3474 vooat,

139 3497 194 3581 qui
210 3494 342 3559 Achillis
358 3495 508 3580 templum
524 3507 556 3557 et
575 3491 776 3577 sepulohrum
797 3493 871 3573 πρὸς
888 3496 928 3577 τῷ
947 3497 1054 3578 Σιγείῳ
1069 3503 1235 3584 memorat)

140 3598 241 3676 ἔδοξεν
263 3597 317 3660 οὖν
335 3596 504 3679 μονομαχίᾳ
522 3599 614 3658 λῦσαι
634 3592 687 3656 τὸν
706 3594 914 3672 πόλεμονκαὶ
932 3596 1006 3675 ὑπὲρ
1025 3597 1081 3675 μὲν
1103 3602 1237 3679 Μιτυλη-

138 3702 230 3764 ναίων
245 3697 385 3777 ἐπολέμει
401 3696 560 3773 Πιττακάς,
574 3698 649 3778 άτιδρ
670 3699 703 3759 δὲ
716 3694 884 3774 Ἀθηναίων
905 3696 1038 3777 Φρύνων·
1065 3698 1135 3783 (qui
1158 3699 1236 3763 Dio·

137 3802 209 3890 geni
225 3801 353 3864 Laertio
368 3797 614 3881 παγκρατιαστής.
656 3797 746 3862 Idem
763 3796 903 3875 sortasse,
918 3820 1011 3882 quem
1028 3799 1186 3865 Eusebius
1199 3825 1237 3866 eo

137 3901 262 3964 nomine
284 3898 324 3962 ad
347 3897 567 3985 Olympiadem
590 3899 643 3984 36.
667 3895 811 3979 oolloeat)
832 3895 1007 3975 ἡττηθέντος
1025 3899 1057 3961 δὲ
1077 3900 1237 3979 Φρύνωνος

138 4005 256 4080 διελύθη
271 4005 309 4065 τδ
321 4005 373 4080 τῆς
386 4001 493 4084 μάχης,
508 3999 597 4087 quasi
612 4022 651 4062 ex
674 3999 732 4063 hao
747 3998 876 4063 viatoria
892 3998 1020 4085 Sigeum
1036 3999 1237 4065 Atheniensi·

137 4103 198 4167 bus
223 4103 366 4176 cesserit;
396 4103 476 4167 siout
500 4102 630 4166 inuuere
657 4101 781 4166 videtur
806 4102 987 4189 Polyaenus,
1014 4102 1054 4167 de
1079 4104 1147 4181 reti,
1171 4127 1237 4190 quo

137 4204 301 4289 impedivit
324 4204 524 4293 Phrynonem
549 4205 702 4281 Pittacus,
718 4227 824 4290 agens,
842 4225 872 4283 1,
890 4221 939 4289 25.
962 4206 1011 4269 καὶ
1034 4207 1153 4288 Σίγειον
1174 4211 1237 4274 τοῖς

137 4307 320 4390 δεσμίοιςτῷ
335 4330 367 4369 τε
381 4306 455 4390 λίνῳ
471 4306 640 4388 έθηρευσεν.
664 4306 771 4392 Magis
785 4305 898 4370 diserte
913 4306 1061 4370 Laertius
1075 4327 1101 4383 1,
1119 4323 1170 4389 74.
1188 4307 1237 4370 sul

138 4407 254 4473 κτείνας
283 4407 459 4470 ἀνεσάσατο
488 4408 522 4471 τὸ
552 4397 671 4491 χωρίον.
718 4407 830 4472 Statim
862 4430 935 4471 vero
963 4407 1087 4471 subdit:
1110 4411 1237 4488 ὕστερον

135 4507 238 4587 μέντοι
252 4508 346 4589 φησὶν
362 4505 593 4588 Ἀπολλόδωρος
615 4511 648 4573 έν
669 4515 732 4576 τοῖς
753 4514 903 4592 χρονικοῖς
924 4512 1147 4588 διαδικασθῆναι
1167 4508 1236 4577 τοὺς
