2984 5054
509 358 576 425 ΑΙ)
600 357 899 425 EUMENIDES.
1190 358 1256 423 tet

150 517 230 586 dum
255 523 422 605 σπέρματός
447 527 473 589 τ’
498 527 658 610 ἀποφθορᾷ
683 528 799 590 norbae
822 530 960 590 κακοῦται
982 528 1106 608 χλοῦνις
1129 546 1169 588 ex
1193 524 1255 588 Er-

152 623 264 688 surdtii
283 626 334 706 (ad
352 626 449 714 Soph.
465 631 527 693 Tr.
541 632 626 714 145.)
642 626 870 704 emendatione,
886 641 922 691 ut
941 631 1066 710 χλοῦνις
1085 626 1256 713 accipiatur

152 747 211 810 pro
226 726 316 791 viridi
332 746 448 816 segete,
464 730 484 793 i.
500 756 531 818 q.
553 733 653 813 χλόης
677 752 741 815 qua
763 751 802 793 ex
826 728 944 793 ratione
967 726 1176 815 pulcherrima
1197 752 1254 793 ex·

153 827 253 893 oritur
279 831 461 917 metaphora
484 855 658 919 puerorum
679 833 904 896 castrationem
929 829 1104 917 designans
1152 831 1256 920 Vulgo

152 928 323 1012 σπέρματος
336 932 359 996 τ’
376 933 555 1016 όποφθαραὶ,
571 935 658 1020 quod
677 933 717 997 de
739 932 1106 1018 abortus-procuratione
1120 932 1257 999 violenta

154 1030 308 1098 intellexit
330 1034 506 1110 Stanleius;
530 1051 562 1100 et
584 1040 674 1100 κακοῦ
691 1060 723 1099 τε
737 1039 870 1118 χλοῦνις,
887 1032 972 1119 quod
987 1032 1070 1098 idem
1085 1032 1117 1097 in
1132 1034 1207 1115 κακή
1221 1061 1255 1100 τε

155 1139 279 1216 χλοῦνις
298 1137 484 1201 mutandum
504 1137 659 1210 censebat,
676 1137 879 1222 vertebatque
894 1138 1019 1201 testium
1032 1139 1179 1216 resectio,
1192 1138 1257 1202 col·

154 1234 219 1299 lato
244 1236 400 1324 adjectivo
426 1242 567 1323 χλούνης,
590 1240 676 1327 quod
700 1238 753 1302 τὸν
775 1239 929 1303 όπόκοπον
950 1261 974 1302 a
997 1238 1050 1303 τὸν
1071 1241 1176 1320 τομίαν
1199 1245 1256 1306 σῦν

155 1336 403 1426 interpretantur
416 1342 622 1429 grammatici.
647 1342 746 1407 SCH.

203 1440 272 1529 Ι188.
300 1450 390 1509 κακοῦ
414 1471 447 1510 τε
469 1453 592 1530 χλοῦνις
619 1447 722 1509 Turn.
750 1443 858 1530 steph.
886 1449 979 1507 κακοῦ
1000 1449 1156 1512 τελλοῦνις
1177 1444 1256 1512 Ald.

154 1552 295 1611 κακοῦται
308 1554 432 1632 χλοῦνις
447 1549 497 1612 Μ.
515 1551 588 1615 Par.
604 1547 713 1613 Guelf.
729 1546 811 1611 Rob.

199 1651 340 1735 ἀκρωνία]
378 1652 451 1715 Ηοσ
487 1649 674 1716 vocabulum
709 1647 787 1712 nihil
824 1645 911 1711 aliud
947 1647 1122 1734 significare
1159 1671 1255 1735 quam

156 1751 303 1832 ἄθροισμα
325 1776 349 1816 s.
372 1753 546 1834 ἀθροισμὸν,
568 1756 691 1832 πλῆθος,
714 1773 754 1814 ex
774 1748 975 1814 annotatione
996 1748 1181 1830 scholiastoe,
1200 1751 1256 1837 qui

157 1854 331 1919 Herodiaui
352 1855 453 1919 utitur
472 1855 669 1932 auctoritate,
683 1852 814 1939 aliisque
835 1851 1020 1917 testimoniis
1040 1852 1258 1939 grammatico-¹

157 1979 228 2020 rum
250 1973 390 2023 constat:
418 1982 447 2022 v.
469 1958 609 2047 Hesycb.
629 1956 807 2045 Erymna
823 1978 856 2042 p.
871 1973 926 2040 53,
940 1974 995 2037 41.
1013 1953 1114 2020 Bekk.
1132 1955 1256 2021 Anecd.

156 2080 188 2144 p.
204 2076 279 2143 372,
297 2080 324 2126 2.
370 2063 422 2125 Ex
445 2085 510 2147 quo
531 2060 672 2148 sequitur
693 2057 812 2145 aliquid
837 2073 906 2145 post
927 2056 1012 2122 hunc
1029 2079 1153 2122 versum
1176 2057 1259 2122 exci-

157 2159 249 2239 disse,
264 2187 363 2249 quum
380 2187 441 2228 non
456 2179 606 2251 appareat
620 2164 711 2251 cujus
733 2160 786 2226 illa
808 2183 874 2224 esse
894 2159 1097 2247 congregatio
1111 2183 1133 2226 s.
1151 2160 1258 2225 multi-

158 2262 236 2326 tudo
251 2264 383 2329 dicatur.
1103 2320 1108 2327 .

204 2367 276 2452 189.
298 2368 443 2453 λενσμόν]
465 2369 595 2448 λευσμός
617 2366 831 2445 Casaubonus,
856 2380 948 2443 recte,
971 2364 1030 2428 nisi
1050 2363 1257 2452 praecedentis

157 2491 276 2550 versus,
303 2470 359 2557 qui
392 2469 517 2549 excidit,
547 2492 584 2534 ea
615 2468 677 2533 fuit
710 2467 900 2533 constructio
937 2481 974 2531 ut
1008 2480 1092 2532 recte
1128 2465 1257 2531 haberet

157 2575 300 2653 λευσρόν.

204 2695 273 2758 rpo
296 2676 354 2741 ὑπὸ
372 2676 465 2760 ῥάχιν
485 2675 643 2760 παγέντες]
658 2673 924 2759 Antiquissimum
949 2671 1007 2736 boc
1028 2687 1076 2737 est
1090 2671 1257 2759 vestigium

157 2776 300 2864 supplicii
329 2777 521 2857 atrocissimi,
548 2793 579 2842 et
608 2799 647 2842 ex
679 2799 736 2841 usu
766 2775 907 2863 gentium
938 2774 1141 2840 humanitatis
1168 2774 1256 2840 cultu

159 2879 334 2946 florentium
355 2883 479 2948 dudum
501 2882 629 2961 sublati,
649 2878 737 2968 quod
758 2878 881 2944 Gallice
899 2879 1039 2966 empalrr
1059 2878 1185 2957 dicitur,
1202 2877 1257 2943 ubi

158 2983 263 3071 stipite
286 3007 341 3072 per
363 2986 508 3050 obscoena
531 2984 703 3050 secundum
727 2982 848 3069 spinam
873 2981 957 3046 dorsi
982 2981 1094 3046 adacto
1116 2980 1258 3047 homines

157 3084 334 3150 immaniter
347 3088 574 3152 cruciabantur.
598 3088 698 3150 SCH.
734 3084 900 3168 ὑπορρόχιν
916 3084 965 3146 Μ.
983 3084 1090 3148 Guell'.
1108 3086 1213 3148 Turn.

207 3207 276 3271 192.
298 3192 355 3255 aits
374 3187 398 3252 δ’
413 3191 572 3270 ὑφηγεῖται
593 3191 700 3270 τρόπος
720 3187 848 3272 μορφῆς]
863 3188 915 3250 Eo
934 3208 1054 3272 qaoque
1074 3187 1162 3250 discit
1182 3192 1256 3252 uai-

158 3310 249 3351 νοντα
273 3291 388 3375 species
413 3293 480 3353 oris
505 3292 603 3354 vestri
627 3291 826 3375 corporisque
848 3288 1063 3370 conformantia
1109 3288 1258 3354 Similiter

160 3389 322 3454 Vulcanus
342 3395 381 3475 τῷ
398 3390 507 3471 Κρότει
523 3391 638 3455 loedam
659 3390 779 3473 μορφὴν
795 3388 965 3477 exprobrat
981 3388 1141 3453 Prometb.
1160 3413 1187 3453 v.
1204 3392 1255 3474 87.

158 3493 260 3556 SCH.

205 3614 274 3679 Ῑ93·
291 3595 523 3679 αἱματορρόφου]
537 3595 738 3676 amasam
752 3592 836 3657 Isou

205 3713 275 3781 195.
298 3697 466 3782 πλησίοισι]
486 3699 626 3776 πλησίοις
646 3697 694 3759 Μ.
709 3693 820 3760 Guell'.
837 3691 916 3758 Ald.
962 3695 1044 3759 Tam
1063 3693 1175 3759 inutile
1197 3694 1256 3759 hoc

156 3815 204 3864 est
218 3798 377 3886 epitheton
395 3813 506 3863 utnon
522 3797 663 3862 dubitem
678 3799 754 3883 quin
769 3797 942 3862 πλουσίοισι
962 3797 1181 3886 corrigendum
1201 3798 1252 3879 sit,

156 3903 245 3989 quod
259 3902 391 3990 conjecit
406 3901 562 3966 Pauwius.
1220 3959 1223 3963 .

201 4006 369 4090 τρίβεσθαι]
385 4008 419 4070 ἐν
437 4007 624 4089 χρηστηρίοις
646 4007 802 4088 τρίβεσθαι
819 4003 916 4082 μῦσος
936 4002 1055 4068 dictum
1079 4025 1137 4090 pro
1159 4005 1253 4085 ἐντρί·

158 4114 269 4185 βεσθαι
283 4136 330 4192 χρ.
346 4111 450 4188 μύσος.
494 4109 540 4172 Et
554 4107 649 4172 schol.
664 4106 793 4195 exponit
807 4108 1054 4187 προστρίβεσθαι.
1077 4107 1175 4171 SCH.

201 4211 294 4288 μύσος
309 4212 411 4273 Turn.
428 4211 538 4297 Steph.
549 4215 647 4291 μῦσος
661 4211 746 4277 Rob.
759 4217 850 4290 μῖσος
864 4208 942 4274 Ald.
1053 4230 1056 4234 ’

207 4327 277 4392 197.
293 4312 430 4398 εὐφιλὴς]
446 4313 573 4394 ἓμφιλὴς
588 4313 661 4376 Par.

204 4432 273 4496 199.
289 4412 388 4497 πέλει]
401 4413 480 4499 πέλῃ
493 4412 577 4477 libri.

202 4532 275 4580 200.
290 4513 344 4598 είς]
362 4514 567 4579 Scribendum
584 4516 626 4582 εἶς
640 4537 711 4579 cum
728 4517 874 4580 Cantem.

678 4636 737 4701 3rr
