2984 5054
244 324 309 387 484
605 321 983 387 ANNOTATIONES

242 491 354 567 ficatio,
369 491 520 578 scriptum
535 490 700 577 oportebat
714 492 925 557 ὀπισθόποδας.
970 488 1084 553 Redde
1096 512 1171 575 ergo
1184 509 1342 555 reversus.

244 592 386 680 Hesycb.
412 592 452 656 ad
483 592 567 657 hunc
593 592 698 678 ipsum
728 592 857 657 fortasse
881 591 1002 655 locum:
1029 590 1242 671 Ὀπισθόπους,
1267 593 1340 656 ὕπο-

245 697 390 780 septaes.
414 697 645 761 ABRESCH.

287 801 393 863 τούσδε
409 799 458 863 καὶ
471 798 687 883 ξυνεμπόρους]
705 798 747 862 Id
762 812 809 861 est
822 798 870 861 καὶ
884 796 990 860 τούσδε
1005 800 1213 877 ξυνεμπόρους,
1223 793 1264 858 de
1278 817 1343 881 qua

244 901 445 967 collocatione
460 903 511 965 καί
521 900 684 987 particular
699 898 765 964 dixi
779 899 820 962 ad
836 898 1002 986 Aristopb.
1019 896 1160 961 Acbarn.
1173 897 1248 976 884.

289 1023 361 1089 714.
376 1006 523 1089 δύμασιν]
542 1006 679 1084 σύμασιν
695 1004 740 1068 Η.
752 1001 889 1066 Vossius.

288 1125 361 1193 715.
390 1110 543 1193 ὑπευθύνῳ
573 1109 678 1171 Turn.
710 1104 819 1193 Steph.
858 1105 1007 1187 ἐπευθύυῳ
1036 1100 1084 1166 vel
1111 1099 1261 1165 ἐπευθύνο
1288 1101 1342 1165 Μ.

245 1212 355 1277 Guelf.
370 1210 455 1276 Rob.
471 1209 515 1275 ἐπ’
532 1211 644 1276 εὐθύνω
657 1208 736 1273 Ald.
774 1209 815 1272 In
838 1206 889 1268 M.
911 1205 954 1292 gl.
975 1220 1022 1268 est
1044 1206 1170 1289 ύποδίκιρ
1191 1219 1223 1267 et
1245 1202 1342 1266 schol.

245 1315 441 1392 συμβουλεύω
457 1338 507 1377 σοι
521 1316 612 1377 ταῦτα
634 1310 782 1393 πρ6οσειν
797 1311 836 1376 ὣς
850 1310 977 1372 δώσοντι
991 1308 1085 1385 δίκην,
1100 1305 1138 1386 ῆν
1159 1332 1188 1369 τι
1209 1309 1291 1387 παρὰ
1307 1305 1343 1369 τὸ

245 1413 315 1479 δίον
328 1413 461 1494 ποιήσῃς.

163 1534 170 1547 ’
288 1516 623 1599 718.βονλευσόμεσθα
633 1515 821 1602 Stephanus.
845 1515 1075 1594 βουλευόμεσθα
1084 1508 1166 1588 libri,
1175 1507 1262 1596 quod
1270 1514 1343 1587 βαυ-

245 1620 394 1700 λευόμεθα
408 1618 558 1706 scn'ptum
576 1617 608 1681 in
625 1619 675 1681 Μ.
692 1616 803 1682 Guelf.
820 1615 897 1682 Ald.
913 1615 998 1680 Rob.

289 1736 362 1804 719.
379 1719 455 1809 εἶεν]
473 1724 500 1787 εἰ
516 1723 550 1785 ἐν
566 1718 676 1785 Guelf.
691 1718 768 1784 Ald.
785 1718 869 1784 Rob.

289 1825 388 1904 φίλιαι
402 1822 571 1887 Heatbius.
594 1824 682 1906 φιλίᾳ
696 1820 745 1885 vel
760 1823 849 1904 φιλία
864 1821 916 1884 Μ.
930 1818 1038 1884 Guelf.
1052 1816 1131 1882 Ald.
1148 1817 1232 1883 Rob.
1254 1819 1343 1899 φίλαι

247 1926 351 1989 Turn.
369 1924 478 2011 Steph.

292 2042 364 2110 720.
399 2025 555 2106 στομάτων
583 2026 673 2110 ίοχδν
700 2048 807 2113 μισσες
833 2024 909 2089 dicit
936 2025 1001 2088 alta
1023 2045 1098 2088 voce
1124 2023 1198 2109 (pro
1223 2022 1344 2087 Orestis

247 2128 359 2213 salute)
375 2128 602 2216 pronuntiatas.
626 2129 725 2192 SCH.

290 2236 363 2315 726.
379 2232 486 2297 δολίαν
501 2229 656 2295 Pauwius.
681 2232 767 2296 δολία
781 2228 862 2293 libri.

291 2350 362 2419 727.
379 2332 420 2420 δ’]
436 2332 464 2415 γ’
480 2333 564 2399 Rob.

289 2436 403 2520 Ἑρμῆν
418 2438 522 2501 Turn.
539 2435 648 2522 Steph.
670 2434 785 2518 Ἐρμῆα
800 2435 852 2498 Μ.
870 2432 978 2499 Guelf.
993 2431 1070 2497 Ald.
1087 2430 1170 2497 Rob.

289 2541 414 2623 χθόνιον
428 2539 453 2603 δ’
467 2537 580 2621 Ἑρμῆν
595 2539 643 2603 καὶ
658 2539 711 2603 τὸν
725 2540 828 2623 νύχιον
842 2535 935 2605 τοῖσδ’
947 2535 1120 2620 ἐφοδεῦσαι]
1138 2533 1232 2599 Adeo
1246 2532 1343 2598 mani·

246 2642 327 2708 festa
341 2641 391 2705 hic
413 2657 487 2705 sunt
506 2639 795 2728 interpretationum
818 2639 941 2718 indicia,
953 2653 990 2703 ut
1009 2661 1049 2702 ne
1062 2636 1200 2703 dubitari
1215 2635 1344 2724 quidem

246 2766 337 2830 posse
362 2758 472 2829 putem
498 2742 575 2827 quiu
600 2741 645 2806 ita
672 2741 827 2829 scripserit
854 2740 1037 2829 AEschylus,
1061 2746 1115 2807 νῦν
1141 2744 1200 2824 γὰρ
1224 2742 1345 2822 ἀκμάζει

248 2848 349 2912 Πειθὼ
371 2847 476 2909 δολίαν
493 2844 500 2930 Ι
518 2843 750 2926 ξυγκαταβῆναι,
774 2846 879 2929 νύχιον
900 2846 927 2909 θ’
942 2844 1056 2926 Ἑρμῆν
1074 2845 1080 2931 Ι
1098 2844 1196 2911 τούσδ’
1219 2848 1342 2927 ἐφοδεῦ-

248 2973 301 3013 σαι
322 2945 564 3029 ξιφοδηλήτοισιν
586 2947 710 3028 δγῶσιν.
755 2946 1060 3031 Νύχιοςοοὶιαὶιίευι
1076 2947 1222 3034 estquod
1245 2946 1345 3034 magis

249 3049 397 3114 usitatum
413 3050 544 3131 χθόνιος,
561 3064 596 3113 ut
612 3051 756 3132 ἐννυχίυν
771 3072 829 3135 pro
841 3051 971 3134 χθονίου
981 3063 1013 3114 et
1028 3050 1155 3133 ἔννυχον
1163 3047 1271 3114 'Arbua
1285 3070 1345 3135 pro

248 3154 374 3237 χθόνιον
387 3150 468 3215 dixit
489 3150 658 3238 Sophocles
672 3151 784 3239 OEdip.
800 3151 868 3217 Col.
889 3153 979 3238 1556.
996 3151 1115 3217 Tracb.
1130 3170 1205 3236 501.
1227 3153 1344 3216 HER.

250 3256 403 3319 MANN.
416 3256 533 3339 Opusc.
549 3252 609 3318 vol.
628 3273 655 3317 1.
677 3276 708 3340 p.
728 3272 797 3339 115.
814 3255 917 3338 νύχιον
929 3252 1052 3336 Ἑρμῆν,
1070 3254 1145 3341 quia
1158 3277 1221 3319 non
1235 3268 1345 3343 aperte

202 3435 206 3441 ι
248 3380 314 3421 rem
335 3356 498 3444 gerebant,
513 3355 567 3420 sed
587 3355 660 3420 dolo
677 3370 709 3420 et
728 3355 923 3421 simulatione
937 3357 1026 3443 quasi
1046 3357 1181 3423 tenebris
1201 3357 1344 3439 involuti,

248 3459 320 3525 ideo
333 3459 449 3524 dicitur
462 3481 515 3522 eos
534 3459 635 3543 νύχιος
654 3456 766 3540 Ἑρμῆς
785 3459 962 3525 immittere.
1008 3458 1190 3525 Illustratur
1203 3460 1235 3526 b.
1252 3461 1272 3524 l.
1289 3463 1345 3525 So-

248 3561 380 3649 phocleo
404 3559 458 3625 El.
479 3585 510 3625 v.
533 3580 625 3646 1391.
645 3583 712 3646 sqq.
735 3559 775 3625 ‘0
797 3564 897 3630 Μαίας
919 3563 952 3626 δὲ
973 3567 1043 3630 ταῖς
1059 3560 1169 3645 Ἑρμῆς
1190 3561 1243 3645 σφ’
1264 3564 1342 3646 ἄγει,

249 3667 341 3728 δόλον
355 3666 451 3748 σκότῳ
468 3664 582 3745 κρύψας
596 3663 670 3744 πρὸς
685 3663 755 3727 αὐτὸ
769 3664 871 3746 τέρμα.
896 3665 996 3728 SCH.
1041 3665 1187 3730 Fortasse
1208 3664 1344 3729 scriben-

250 3766 325 3829 dum
349 3778 407 3841 est,
430 3762 555 3847 χθόνιύν
583 3762 609 3829 θ’
634 3763 747 3845 Ἑρμῆν
771 3766 873 3846 καιρὸν
896 3768 1000 3849 νύχιον
1022 3765 1113 3831 τοῖσδ’
1138 3769 1344 3849 ἐφοδῶσαι-.

250 3870 351 3955 Optat
364 3867 479 3931 chorus
502 3881 537 3929 ut
553 3865 732 3929 Mercurius
748 3866 1014 3952 opportunitatem
1037 3883 1221 3934 nocturnam
1244 3884 1345 3934 certa-

251 3969 341 4033 minis
355 3967 504 4044 adducat,
520 3965 560 4032 cf.
577 3991 605 4031 v.
622 3968 694 4048 817.
711 3967 783 4030 881.
807 3968 918 4032 Caedes
929 3970 1010 4034 enim
1026 3986 1121 4037 noctu
1136 3985 1344 4059 perpetratur.

251 4068 609 4133 annibalianum
625 4067 869 4132 Zimmermanni
884 4071 994 4134 Diario
1007 4095 1036 4135 a.
1055 4074 1146 4158 1836.
1162 4098 1195 4161 p.
1211 4075 1288 4159 566.

295 4189 312 4255 7
317 4192 367 4337 717
382 4170 638 4256 ξιφοδηλήτοισιν]
655 4171 887 4251 ξιφοδημήτῃσιν
902 4174 1009 4240 Guelf.
1024 4175 1103 4241 Ald.
1139 4175 1345 4259 ειφαιημήω..

250 4299 301 4340 σίν
350 4296 421 4338 um.

295 4395 368 4462 730.
385 4376 510 4442 Οίκίτου
526 4398 657 4462 persona
671 4374 744 4440 huic
759 4377 860 4441 versui
876 4377 907 4441 in
920 4378 1005 4443 libris
1019 4380 1204 4468 praefigitur.
1238 4381 1346 4447 Choro

251 4471 452 4540 tribuendum
468 4474 546 4540 vidit
562 4474 778 4564 Tyrwbittus3
802 4491 834 4542 et
847 4478 890 4543 sic
904 4478 1085 4545 scholiasta:
1107 4478 1228 4564 Ἀνῆρδ
1243 4481 1344 4561 flacc:
