2984 5054
263 324 328 397 496
626 322 1002 389 ANNOTATIONES

262 496 295 563 ές
327 492 404 558 Ald.
433 493 518 558 Rob.
549 494 654 557 Turn.
692 493 946 574 δειμαστοσταγές
981 491 1088 555 Guels.
1133 496 1363 576 δειματοσταγὲς

264 595 380 779 Stillll·
406 696 575 782 βλέποντα]
603 697 714 774 Clara,
740 693 820 760 sicut
844 715 926 759 coeca
950 717 1009 782 ΡΥ0
1037 694 1177 760 ⁰b⁸⁶¹¹¹l⁵
1201 694 1361 762 dicuntur'

262 802 378 986 SC8215.
402 902 623 982 δειματούμενοι
640 904 727 983 λόγοι
743 899 890 965 dicuntur
912 921 970 984 pro
989 900 1077 978 λόγοι
1095 897 1153 961 ὑπὸ
1168 899 1358 980 δειματονμέ-

261 1029 321 1068 νων
349 1004 519 1087 λεχθέντες.
566 1003 617 1068 Sic
646 1001 750 1066 malim
780 999 987 1088 interpretari,
1012 1021 1108 1086 quam
1137 1016 1258 1064 vertere
1285 1024 1358 1064 cum

176 1126 181 1133 '
261 1107 447 1185 Abreschio‚
462 1129 601 1171 rumores
616 1109 659 1171 ad
671 1118 823 1172 terrorem
840 1105 982 1189 conficti:
1004 1101 1111 1165 confer
1132 1115 1248 1166 notatu.
1294 1103 1358 1167 Sed

260 1210 327 1275 fieri
338 1224 441 1298 potest
456 1222 492 1273 ut
506 1213 727 1291 δειματούμενοι
741 1210 804 1274 vim
820 1229 907 1271 suam
923 1220 1036 1283 servet,
1052 1207 1163 1269 timore
1171 1206 1268 1291 pleni,
1283 1227 1356 1269 nam

261 1313 403 1392 δειματόω
427 1311 552 1397 proprie
577 1327 624 1376 est
647 1314 789 1376 timorem
817 1315 937 1399 injicio,
964 1325 1000 1374 ut
1023 1312 1160 1391 όμματόω
1183 1326 1230 1374 est
1254 1311 1357 1375 oculos

259 1414 365 1477 insero
381 1414 485 1498 (841.)
502 1421 588 1496 δεῖμα
606 1438 680 1480 vero
699 1438 762 1481 non
784 1430 831 1480 est
851 1416 956 1492 timor,
979 1411 1033 1477 sed
1052 1413 1088 1476 id
1105 1413 1188 1500 quod
1205 1421 1356 1477 terrorem

260 1515 384 1579 irtculit.
407 1517 583 1581 BLOMF.
621 1519 856 1600 δειματονμένων
872 1515 1037 1582 StanleiuS.

305 1618 484 1704 848—850.
506 1619 656 1707 AEgistho
677 1621 840 1687 continuat
862 1620 955 1685 Ald.:
979 1617 1094 1683 nutrici
1115 1616 1226 1682 tribuit
1245 1619 1357 1682 Porso-

259 1741 332 1797 νας,
348 1720 460 1786 nuntio
476 1723 579 1785 Turn.
596 1722 718 1810 steph„
734 1723 829 1789 choro
843 1738 926 1788 recte
941 1721 1025 1786 Rob.

303 1821 376 1908 849.
393 1823 466 1908 έσω]
482 1825 616 1889 Praestut
631 1828 713 1904 εἵσω,
727 1825 814 1913 quod
829 1826 952 1917 scripsit
967 1823 1180 1890 Blomfieldus.

305 1925 378 2009 850.
395 1925 486 1990 αὐτὸν
501 1927 671 1992 Porsouus.
696 1929 782 1997 αὐτὸς
794 1927 877 1995 libri.

302 2027 398 2090 αύτῶν
414 2028 517 2091 Turn.
535 2027 645 2115 Steph.
668 2029 759 2094 αὐτὸν
772 2029 842 2095 libri
856 2029 978 2118 reliqui.

228 2132 237 2140 ’
301 2130 472 2198 οὐδὲν-ὥς
496 2131 586 2196 αὐτὸν
609 2158 635 2196 κ.
655 2157 681 2195 τ.
701 2134 747 2218 λ.]
774 2133 871 2197 Nihil
893 2144 940 2200 erl
962 2136 1149 2199 nuntiorum
1174 2135 1354 2214 ancolim,

255 2242 363 2320 ρταιιθ
376 2235 480 2320 ipsum
489 2234 702 2323 interrogare.
733 2235 832 2300 Plena
846 2236 1036 2302 constructio
1050 2250 1139 2316 esset,
1155 2237 1249 2304 οὐδεὶς
1262 2237 1355 2320 όγγε-

257 2341 314 2403 λος
327 2337 419 2403 οὕτως
432 2335 544 2415 σθένει,
560 2338 599 2405 ὥς
621 2337 712 2402 αύτδν
728 2338 822 2419 όνδρα
841 2339 1004 2403 πεύθεσθαι
1024 2339 1093 2420 περὶ
1107 2337 1210 2404 αὐτῶν.
1255 2339 1355 2403 Recte

258 2436 354 2503 schol.
375 2439 411 2503 ού
431 2444 575 2505 τοσοῦτον
595 2442 692 2525 ἰσχύει
714 2443 809 2506 εἰπεῖν
829 2441 960 2523 ἄγγελος
981 2442 1020 2509 ὥς
1041 2441 1195 2520 αὐτόπτης.
1241 2438 1355 2504 Similis

256 2540 322 2606 fere
343 2542 423 2606 ratio
436 2555 482 2607 est
497 2540 660 2608 locutionis
674 2544 763 2608 οὐδὲν
783 2543 849 2608 οἶόν
870 2540 931 2607 ἐστ’
947 2544 1073 2607 ἀκοῦσαι
1094 2548 1152 2607 τῶν
1174 2543 1263 2617 έπῶν,
1279 2541 1354 2607 Ari·

258 2643 362 2731 stoph.
385 2648 450 2710 Av.
467 2647 541 2730 967.
577 2644 670 2710 Pluto
693 2646 792 2732 Gorg.
816 2668 848 2731 p.
862 2664 893 2731 5.
908 2644 957 2709 ed.
981 2644 1101 2710 Heind.
1123 2647 1274 2725 βούλομαι
1295 2649 1353 2728 γὰρ

258 2747 405 2812 τιθέσθω
426 2747 493 2830 παρ’
510 2749 609 2823 αὐτοῦ,
624 2750 669 2816 τίς
689 2750 708 2828 ἡ
728 2749 848 2826 δύναμις
869 2752 921 2827 τῆς
942 2747 1048 2831 τέχνης
1068 2753 1120 2812 τοῦ
1134 2747 1241 2829 ἀνδρὸς
1263 2749 1311 2813 καλ
1325 2750 1356 2813 τέ

259 2849 354 2927 ἔστιν,
379 2848 397 2913 δ
423 2850 648 2933 ἐπαγγέλλεταί
672 2876 706 2915 τε
734 2850 782 2914 καὶ
806 2849 1072 2914 διδάσκει-ΚΑΛ.
1099 2850 1198 2914 Ούδέν
1225 2849 1290 2913 οἶον
1318 2849 1352 2913 τὸ

259 2950 349 3016 αύτλν
371 2949 532 3031 &perimo
553 2953 716 3033 Σύκρατες.
739 2965 771 3016 et
785 2950 828 3015 sic
847 2949 938 3016 alibi:
962 2949 1025 3014 vid.
1042 2950 1199 3016 Matthiae.
1216 2951 1275 3016 Gr.
1292 2951 1351 3016 Gr.

258 3055 288 3138 ξ.
304 3068 379 3138 541.
393 3067 458 3118 not.
496 3053 622 3118 Citatur
641 3052 816 3118 Abreschio
837 3051 982 3141 Sophocl.
997 3052 1077 3117 OEd.
1094 3054 1135 3116 T.
1152 3068 1182 3135 7.
1197 3051 1288 3136 ‘'Ayb
1310 3059 1352 3118 δι-

257 3159 348 3219 καιῶν
357 3153 397 3235 μὴ
408 3154 476 3237 παρ’
489 3155 637 3238 ἀγγέλων,
653 3155 752 3230 τέκνα,
764 3153 890 3221 Ἀλλων
904 3158 1031 3230 ἀκούειν,
1047 3156 1134 3224 αύτδς
1147 3155 1194 3221 ὧδ’
1210 3156 1352 3237 έλύλνθα.

256 3256 432 3322 BLOMF.

299 3360 318 3424 8
319 3376 374 3446 52.
387 3360 437 3445 ἦν]
451 3360 505 3440 ἣεν
520 3362 628 3427 Guelf.
643 3360 721 3426 Ald.
738 3362 820 3426 Rob.

298 3461 373 3546 854.
389 3461 474 3545 φρέν’
490 3460 529 3528 δν
544 3461 714 3528 Elmsleius
727 3462 767 3527 ad
783 3463 898 3550 Eurip.
915 3464 1006 3528 Med.
1021 3466 1096 3548 416.
1121 3463 1219 3547 φρένα
1233 3463 1315 3531 libri.

298 3565 443 3648 κλέψειεν
458 3565 637 3652 Stephanus
647 3581 680 3630 et
694 3565 871 3630 Elmeleius.
896 3566 1044 3649 κλέφειαν
1058 3566 1139 3631 libri.

298 3666 529 3751 ὠμματωμένην]
550 3666 779 3749 ὧμματονμένην
794 3668 879 3733 Rob.
897 3668 1009 3757 Suppl.
1028 3671 1119 3754 1463.
1135 3672 1268 3749 ξυνῆκας·
1290 3669 1349 3750 cip-

252 3767 375 3850 μότωσα
389 3773 447 3852 γὰρ
462 3769 661 3851 σαφέστερον.
697 3769 853 3835 Stanleius
873 3770 994 3836 confert
1016 3769 1108 3836 Ouid.
1130 3771 1212 3835 Met.
1232 3786 1280 3855 15,
1297 3773 1349 3856 63.

254 3871 366 3935 Mente
378 3873 467 3936 Deos
480 3872 584 3944 aditu·
608 3881 648 3951 et,
661 3875 744 3959 quod
757 3882 877 3939 natura
890 3875 1029 3962 negabat
1048 3873 1171 3937 Votum
1191 3872 1351 3953 humanu,

251 3971 350 4036 oculu
363 3993 400 4037 ea
414 3975 551 4059 pectoris
564 3973 681 4038 homil.
718 3973 912 4039 Abreschius
926 3974 1001 4039 citat
1015 3974 1252 4062 Epicharmum,
1268 3980 1351 4044 Νοῦς

251 4073 319 4154 δρᾷ,
334 4073 382 4137 καλ
396 4077 464 4140 νοῦς
483 4073 592 4154 ἀκούει,
607 4078 706 4140 τᾶλλα
728 4081 814 4159 κωφὰ
836 4079 885 4142 καὶ
905 4077 1015 4160 τνφλό.
1053 4078 1166 4166 Eurip.
1185 4077 1260 4144 Hel.
1279 4100 1349 4148 120.

251 4172 346 4242 Αύτὸς
355 4177 414 4258 γὰρ
428 4177 535 4244 ὄσσοις
548 4180 677 4259 εἰδόμην,
693 4180 741 4244 καὶ
755 4185 824 4248 νοῦς
838 4184 904 4265 ὁρᾷ.
927 4181 1034 4268 Adjici
1049 4195 1153 4269 potest
1166 4182 1263 4246 Eum.
1279 4201 1349 4264 104.

252 4279 390 4343 Εύδονσα
406 4279 465 4360 γδρ
479 4277 559 4360 φρὴν
579 4282 710 4361 ὄμμασιν
728 4285 942 4364 λαμπρύνεται.
989 4283 1051 4348 Sed
1073 4284 1141 4349 λῖκνα
1163 4305 1226 4349 nou
1247 4285 1351 4373 expri-

250 4392 342 4445 munt
356 4377 577 4462 ὠμματωμένην
590 4382 700 4464 φρένα,
714 4393 845 4455 πινακίοιν
856 4388 1076 4474 perspicacem.
1101 4387 1278 4454 BLOMF.

293 4482 367 4569 856.
391 4481 596 4559 κᾶπιθοόζανσ’
622 4484 726 4551 Turn.
759 4487 968 4568 κόπιθοόζωσο
990 4487 1070 4553 Ald.
1106 4487 1178 4575 κφπι
1199 4489 1348 4567 θοόζονσα
