2984 5054
508 356 576 420 AD
598 356 998 422 AGAMEMNONEM.
1236 360 1301 426 837

243 524 443 608 περίπεμπτα]
475 528 682 606 περίπεμπτος,
713 530 769 613 qui
801 529 1006 592 circumcirca
1041 529 1190 594 mittitur.
1235 531 1301 596 Hic

200 647 275 691 vero
287 626 476 712 adjectivum
492 626 681 692 sumendum
696 642 742 693 est
756 629 986 708 adverbialiter,
999 644 1034 694 ut
1044 629 1076 694 in
1092 629 1301 699 locutionibus

199 729 299 794 ἔτεκες
313 730 443 808 ἀνόνητα
457 728 571 815 Eurip.
588 729 721 816 Hippol.
736 750 827 809 1140.
843 730 914 815 (ubi
926 730 990 796 vid.
1005 732 1137 815 Monk.)
1149 731 1302 818 Ἀλεκπρα

198 830 410 911 γηράσκουσαν
431 829 595 910 ἀνυμέναιά
618 856 652 895 τε
676 831 772 919 Soph.
798 832 914 897 Electr.
938 835 1011 916 962.
1038 835 1184 917 ἀνανδρος
1208 841 1301 902 πολιὰ

199 934 411 1013 παρθενεύεται
434 932 549 1019 Eurip.
575 933 688 997 Helen.
718 953 789 1017 290.
828 940 904 1008 Νῦν,
928 937 1011 1016 ῥόδα,
1037 937 1238 1017 φοινίσσεσθε
1263 939 1302 1000 τὸ

200 1033 337 1113 πένθιμα,
355 1034 478 1098 Mosch.
494 1054 526 1119 3,
541 1050 573 1119 5.
598 1036 772 1100 BLOMF.

244 1139 421 1222 θνοσκινεῖς]
451 1136 656 1202 Scribendum
685 1142 821 1205 θυοσκεῖς
846 1160 919 1201 cum
944 1140 1049 1203 Turn.
1075 1138 1233 1203 Scholia
1257 1141 1299 1204 T.

202 1240 318 1321 εὕρηται
334 1239 381 1303 κοί
401 1244 564 1312 θνοσκοεῖς,
581 1240 620 1306 ὣς
638 1239 697 1303 ἀπὸ
711 1245 763 1303 τοῦ
779 1243 930 1313 θνόσκοος,
947 1242 964 1303 ό
979 1244 1027 1305 διὰ
1041 1245 1152 1304 θυσιῶν
1167 1242 1201 1304 τὸ
1221 1240 1299 1321 μίλ-

200 1348 258 1404 λον
270 1346 355 1419 κοῶν,
370 1340 435 1421 ἤτοι
449 1347 537 1405 voca.
562 1342 631 1409 θύος
644 1345 702 1424 γὰρ
717 1342 750 1405 τὸ
766 1347 851 1423 θῦμα.
868 1343 1009 1430 Hesych.
1027 1349 1187 1408 Θυοσκεῖν.
1211 1345 1301 1425 ῖεροῖς

199 1441 394 1525 παρέχεσθαι,
410 1440 429 1521 ἢ
451 1448 536 1510 θεοῖς.
553 1442 608 1507 ubi
623 1444 727 1508 forsan
749 1442 929 1530 legendum,
946 1447 1011 1527 ῖερά
1032 1444 1220 1528 παρέχεσθαι
1239 1451 1301 1513 τοῖς

200 1548 289 1610 θεοῖς.
307 1545 482 1609 BLOMF.
508 1544 662 1632 Hesychii
675 1544 810 1631 glossam
825 1568 887 1610 non
903 1561 986 1611 recte
1000 1545 1179 1611 emendavit
1193 1546 1300 1610 Blom-

199 1642 321 1709 fieldus.

243 1748 294 1812 88.
324 1754 383 1814 τῶν
408 1751 685 1829 ἀστυνόμον-τῶν
707 1747 731 1812 τ’
757 1750 922 1836 ἀγοραίων]
951 1751 1037 1838 Sept.
1062 1764 1135 1835 257.
1160 1747 1242 1831 Ἐγὼ
1267 1751 1299 1814 δὲ

198 1851 297 1934 χόρος
311 1857 373 1918 τοῖς
387 1853 602 1935 πολισσούχοις
615 1856 706 1929 θεοῖς,
723 1854 919 1932 Πεδιονόμοις
933 1877 966 1916 τε
978 1853 1105 1934 κάγορᾶς
1117 1853 1298 1919 ἐπισκόποις.

199 1954 275 2016 Duo
296 1966 402 2017 autem
423 1976 538 2040 genera
559 1953 690 2018 deorum
713 1956 888 2036 ἀστυνόμον
907 1968 1015 2029 erant3
1039 1952 1168 2037 χθόνιοι,
1191 1952 1299 2040 quales

199 2055 306 2134 Pluto,
324 2056 432 2120 Furiae
449 2059 505 2120 ἀιο.
527 2059 642 2130 ὕπατοι,
658 2055 759 2142 qualis
773 2055 904 2143 Jupiter
925 2059 980 2121 &a
1002 2079 1138 2143 quorum
1161 2056 1213 2121 alii
1234 2080 1299 2122 coe·

199 2156 299 2235 lestes,
323 2157 375 2221 alii
401 2158 470 2221 foro
496 2172 671 2243 praeeraut3
700 2182 729 2220 v.
744 2181 775 2243 g.
800 2159 945 2237 Hermes,
969 2173 1000 2222 et
1023 2157 1151 2245 Apollo.
1196 2160 1298 2224 Haud

197 2259 288 2346 longe
302 2261 450 2324 absimilis
465 2274 511 2324 est
526 2263 668 2324 Deorum
690 2260 800 2325 divisio
819 2284 871 2348 ap.
890 2261 992 2326 Liv.1
1022 2281 1074 2347 32.
1099 2263 1187 2326 Audi
1201 2265 1297 2350 Jupi-

199 2372 258 2441 ter,
271 2372 302 2426 et
320 2372 356 2427 tu
370 2364 473 2440 ιῙυυο,
492 2364 638 2442 Quirine,
652 2365 772 2449 Diiquc
785 2364 926 2450 Dcoeqrae
944 2385 1050 2428 omncs
1069 2365 1213 2444 coetcstca,
1230 2386 1298 2428 νος-

183 2477 256 2552 'qac
277 2473 451 2541 terrestres,
476 2486 588 2551 vosque
609 2466 732 2549 irp‘crrti
753 2465 869 2528 audite.
909 2465 999 2528 Iulra
1011 2464 1086 2545 487.
1104 2465 1297 2551 Talthybius

196 2565 361 2653 compellat
375 2568 398 2629 J
400 2589 489 2630 ovem
505 2569 617 2631 ύπατον
631 2568 740 2649 χώρας,
753 2580 784 2629 et
799 2565 884 2633 θεοὺς
898 2567 1052 2647 ἀγωνίους,
1068 2581 1099 2630 et
1113 2564 1226 2648 Ἑρμῆν
1239 2568 1295 2653 qui

198 2671 336 2752 ἀγοραῖος
357 2683 444 2742 erat;
479 2669 574 2732 Verte
595 2668 693 2755 igitur
706 2671 834 2732 demam
848 2669 957 2733 urbem
972 2671 1153 2744 terrentium,
1169 2667 1295 2748 scilicet,

195 2793 393 2859 superarum,
408 2768 597 2851 inferorum,
611 2771 780 2835 coekatium
795 2770 1022 2855 etsarcnsium.
1046 2771 1219 2834 BLOMF.

240 2894 291 2958 91.
307 2871 419 2956 βωμοὶ]
437 2871 656 2958 Intelligendae
672 2887 746 2937 sunt
759 2895 823 2937 arae
838 2871 869 2935 in
884 2871 996 2959 plateis
1009 2873 1130 2960 positae,
1141 2872 1294 2958 siquidem

197 2976 263 3043 ἔθος
276 2976 314 3055 ἦν
328 2981 389 3042 τοῖς
404 2978 437 3040 ἓν
452 2977 568 3057 ἀγυιαῖς
584 2975 754 3055 ἱσταμένοις
768 2981 849 3041 θεοῖς
864 2975 913 3038 ἀπὶ
929 2981 993 3041 ταῖς
1014 2974 1188 3058 ἀρχομένοις
1206 2977 1295 3059 ἀγγε-

195 3079 276 3146 λίαις
296 3079 388 3154 θύειν,
412 3076 458 3140 uti
480 3076 525 3141 ait
546 3076 640 3140 schol.
658 3074 823 3162 Aristoph.
845 3074 933 3139 Nub.
949 3091 1040 3160 1317.
1062 3077 1242 3162 Harpocrat
1262 3101 1292 3142 v.

195 3179 326 3260 Ἀγοιᾶς.
350 3181 422 3243 Has
435 3200 504 3241 aras
519 3177 642 3265 respicit
657 3175 850 3264 Talthybius
865 3199 897 3238 v.
912 3193 987 3261 502.
1002 3175 1140 3241 salutans
1154 3180 1295 3259 δαίμονας

196 3283 362 3360 ἀνηλίους.
387 3282 565 3345 BLOMF.

238 3384 371 3464 δώροισι]
390 3384 492 3464 δύροις
508 3382 558 3444 Μ.
575 3379 625 3445 Fl.
644 3379 753 3445 Guelf.
768 3379 847 3444 Ald.
864 3381 950 3443 Rob.

238 3504 290 3568 94.
311 3484 490 3567 χρίσματος]
514 3482 662 3566 χρήματος
676 3481 753 3546 Ald.
800 3481 1006 3546 scribendum
1026 3485 1167 3565 χρίματος
1187 3504 1226 3545 ex
1244 3483 1292 3545 M.

197 3586 279 3651 Rob.
295 3609 390 3672 quam
411 3586 542 3650 formam
563 3609 602 3649 ex
619 3582 800 3649 Callimachi
818 3583 897 3645 Lav.
914 3581 995 3646 Pall.
1013 3584 1061 3646 16.
1078 3584 1131 3647 26.
1146 3581 1294 3647 indicavit

195 3686 410 3752 Blomfieldus.
446 3694 468 3725 “
484 3688 558 3750 Hoc
573 3685 640 3750 loco
654 3684 695 3749 de
709 3684 777 3746 oleo
791 3681 911 3745 dictum
925 3695 972 3745 est
985 3705 1051 3768 quo
1065 3681 1191 3745 flamma
1204 3683 1294 3768 quasi

193 3788 413 3875 inungebatur.
459 3791 532 3852 Hoc
546 3789 586 3852 ab
602 3810 662 3852 usu
676 3795 819 3852 sunctum
835 3809 859 3850 s.
876 3795 1009 3863 castum,
1024 3787 1065 3849 ab
1080 3799 1192 3848 natura
1206 3786 1294 3849 molle

193 3912 217 3953 s.
239 3889 408 3975 liquidum,
431 3913 450 3954 a
472 3890 619 3977 puritate,
640 3891 798 3954 sincerum
821 3911 883 3952 uon
908 3886 1121 3952 adulteratum
1148 3886 1293 3952 dicitur.''

196 3993 294 4056 SCH.

235 4096 287 4177 96.
302 4091 449 4181 μυχόθεν]
467 4093 520 4155 Ex
534 4092 651 4155 intimis
671 4090 789 4156 aedium
804 4092 957 4178 partibus,
972 4092 992 4156 i.
1008 4116 1033 4155 e.
1049 4114 1088 4156 ex
1104 4091 1293 4177 Clytaemne-

194 4213 265 4263 strae
280 4196 434 4262 thalamis.
460 4196 637 4259 BLOMF.

236 4316 288 4384 97.
311 4297 417 4377 he'far'
430 4283 450 4361 θ
465 4324 492 4360 τι
507 4297 557 4361 Fl.
574 4295 678 4374 λέξασ’
696 4298 741 4360 ὅτι
761 4296 882 4360 codices
904 4296 1017 4383 reliqui
1036 4309 1067 4360 et
1083 4295 1167 4359 Rob.
1185 4294 1293 4379 Steph.

192 4399 253 4480 λίέ
268 4402 314 4465 ὅτι
327 4399 402 4464 Ald.
419 4422 484 4486 qua
498 4398 652 4485 scriptura
666 4398 816 4483 deeeptus
829 4399 931 4464 Tum.
946 4399 993 4464 καὶ
1007 4411 1077 4485 post
1090 4398 1139 4461 σοὶ
1154 4394 1292 4459 inseruit.

191 4501 282 4582 λέξον
297 4501 321 4566 θ’
339 4504 357 4565 ὅ
372 4528 400 4567 τι
415 4503 466 4566 σοὶ
480 4501 605 4566 δυνατὸν
620 4500 834 4565 Blomfieldus.

716 4625 736 4667 u
754 4628 773 4668 u
