2984 5054
254 355 319 424 498
613 344 994 411 ANNOTAT10NES

254 519 394 597 ίατιθαυι,
410 518 459 581 est
473 519 539 603 νίκῃ
553 537 638 593 vero,
653 515 788 578 victoria
801 520 975 599 reportata,
986 509 1075 598 prius
1086 509 1160 573 huic
1171 506 1240 572 loco
1250 505 1355 592 aptius

253 621 407 686 videatur.
430 618 606 683 BLOMF.

298 724 373 805 871.
397 721 553 803 κέκρανται
575 721 625 784 Μ.
641 717 751 806 steph.
789 717 944 799 κέκρορται
966 714 1050 780 Rob.
1084 713 1222 794 κέκαρται
1244 710 1352 775 Guelf.

255 824 336 889 Ald.
354 824 457 888 Turn.

297 927 337 1009 87
340 946 372 1011 3.
388 922 533 1010 ἀναίτιαι]
550 924 678 988 ἀναίτιοι
693 919 899 985 Blomlieldus
913 919 1105 984 dubitanter.

298 1029 371 1111 875.
389 1029 537 1090 Persouoe
552 1038 657 1089 notam
672 1023 795 1089 addidit
810 1025 914 1088 Turn.

295 1127 450 1215 πανοίμοι]
478 1129 572 1192 Elteu
596 1129 745 1192 omnino!
771 1124 878 1190 Simile
902 1122 1110 1210 compositum
1139 1141 1202 1184 nou
1227 1118 1354 1183 memini

252 1229 374 1294 vidisse.
398 1228 575 1293 BLOMF.
618 1229 759 1307 πανοίμοι
782 1228 951 1289 Porsouus.
986 1227 1047 1287 πδν
1069 1226 1148 1303 οἴμοι
1171 1222 1222 1284 Μ.
1246 1219 1353 1283 Guelf.

254 1331 333 1395 Ald.
350 1332 453 1393 Turn.
472 1328 581 1414 steph.
602 1332 663 1392 πᾶν
677 1332 756 1408 οἴμοι
771 1326 856 1391 Rob.
878 1322 949 1406 μόλ’
964 1326 1042 1403 οἴμοι
1058 1324 1213 1385 Canterus
1226 1319 1353 1384 frustra.

296 1428 489 1514 τελουμένου]
505 1429 617 1494 Lectio
632 1442 785 1516 suspecta.
808 1425 1020 1509 πεπληγμένου
1036 1422 1231 1488 Schuetzius.

298 1531 371 1613 878.
403 1532 586 1612 γυναικείους
618 1530 669 1593 Μ.
700 1529 784 1594 Rob.
801 1530 904 1592 Turn.
941 1527 1110 1610 γυναικίονς
1138 1522 1248 1590 Guell'.
1275 1519 1354 1585 Ald.

253 1635 421 1716 γυναικείας
442 1630 552 1719 Steph.
571 1645 603 1695 et
624 1631 818 1696 recentiores.
866 1629 928 1694 Sed
947 1627 1026 1691 illud
1047 1640 1183 1714 praestat
1228 1623 1355 1688 Dicitur

253 1733 382 1821 quidem
404 1758 433 1798 τ.
457 1737 530 1800 620.
557 1735 729 1817 γυναικείαν
756 1734 889 1813 ἄτολμον
912 1729 1033 1816 αῖχμθν,
1056 1728 1087 1792 in
1111 1727 1225 1814 Eurip.
1250 1724 1355 1790 Andr.

252 1838 327 1921 362.
350 1840 399 1900 διδ
420 1838 592 1918 γυναικείαν
614 1836 695 1917 ἔριν;
720 1849 819 1899 metro
836 1833 988 1920 jubente3
1013 1830 1068 1894 sed
1086 1829 1117 1894 in
1136 1854 1164 1894 v.
1180 1830 1254 1913 948.
1268 1829 1351 1914 ejus·

253 1935 325 2000 dem
341 1935 458 2000 fabulae
472 1936 625 2001 habemus
646 1940 698 2003 τδς
716 1937 901 2019 γυναικείους
923 1936 1039 2000 νόσους.
1078 1934 1198 1996 Contra
1218 1931 1251 1994 iu
1275 1931 1355 1992 Inus

253 2035 367 2121 fragm.
403 2055 427 2098 ι.
455 2034 479 2099 ῶ
507 2043 674 2118 γυναικεῖαι
699 2037 818 2119 φρένες,
848 2035 935 2122 quod
965 2048 1068 2100 tamen
1099 2031 1216 2098 Stobaei
1245 2030 1355 2096 scu'bae

254 2133 362 2199 deberi
383 2148 496 2222 potest.
533 2137 692 2202 Dicebant
712 2137 821 2224 tragici
844 2139 973 2219 ἑρκείους
996 2138 1103 2210 πύλας,
1133 2137 1243 2222 (supra
1263 2134 1352 2218 561.)

254 2238 392 2305 αὐλείους
405 2240 512 2313 πύλας,
529 2240 644 2326 Eurip.
660 2239 738 2304 Hel.
753 2257 828 2324 445.
848 2240 971 2321 φροντὶς
992 2240 1111 2311 οἰκεῖος,
1135 2234 1263 2301 Heracl.
1279 2237 1353 2320 634

253 2350 285 2401 et
307 2336 367 2402 alia
388 2336 518 2412 similia;
552 2339 637 2404 unde
662 2340 721 2405 hoc
748 2356 870 2405 tantum
897 2340 1020 2426 colligo,
1047 2362 1113 2418 eos,
1139 2338 1195 2403 ubi
1219 2351 1355 2402 metrum

253 2439 435 2504 alterutram
452 2441 700 2507 terminationem
715 2441 928 2508 indifferenter
948 2443 1137 2521 admitteret,
1154 2440 1353 2506 masculinam

254 2541 386 2607 formam
403 2542 578 2630 praetulisse
588 2543 613 2608 si
628 2544 671 2609 sic
686 2545 948 2612 homoeoteleuton
963 2546 1126 2612 evitarent.
1151 2548 1298 2610 Ceterum
1315 2566 1355 2606 ex

256 2642 315 2708 hoc
331 2644 399 2709 ioco
413 2645 571 2725 discimus,
586 2660 623 2710 ut
637 2646 757 2733 opinor,
770 2648 801 2711 in
817 2671 908 2713 scena
929 2648 1008 2714 duas
1029 2648 1124 2712 fuisse
1146 2662 1263 2735 portas,
1278 2668 1356 2733 qua·

255 2769 325 2810 rum
350 2770 413 2811 una
433 2747 465 2809 in
492 2750 677 2829 ἀνδρωνῖτιν,
704 2748 801 2814 altera
822 2750 854 2814 in
873 2757 1079 2834 γυναικωνῖτιν
1104 2749 1248 2815 ducebat.
1293 2745 1356 2811 Illa

257 2848 480 2934 protagoniatae
501 2862 579 2927 erat,
603 2850 670 2913 haec
692 2873 766 2914 vero
789 2851 1068 2938 deuteragonistae3
1093 2851 1209 2916 Pollux
1231 2868 1355 2931 4‚124.

254 2955 343 3029 τριῶν
357 2951 390 3012 δὲ
404 2955 463 3013 τῶν
478 2954 552 3014 κατὰ
566 2952 621 3031 τὴν
635 2953 748 3032 σκηνὴν
762 2959 867 3035 θυρῶν,
881 2955 900 3033 ἡ
914 2954 992 3034 μέση
1005 2956 1062 3034 μέν
1075 2956 1248 3034 βασίλειον,
1261 2951 1355 3034 (sicut

254 3049 287 3113 in
303 3048 360 3113 hac
375 3049 496 3134 fabula)
511 3049 530 3131 ἢ
546 3053 705 3133 σπήλαιον,
723 3054 818 3137 (sicut
833 3056 864 3120 in
882 3056 1070 3140 Philocteta)
1087 3054 1106 3136 ἢ
1124 3056 1204 3121 οἶκος
1226 3055 1355 3132 ἔνδοξος,

255 3149 348 3230 ἢπῶν
362 3151 396 3215 τὸ
410 3160 676 3236 προτογιννιστοῶν
690 3161 743 3220 τοῦ
756 3157 910 3238 δράματος.
932 3160 951 3238 ἡ
972 3161 1006 3222 δὲ
1030 3157 1123 3237 δεξιὰ,
1143 3161 1195 3220 τοῦ
1217 3161 1354 3234 δευτερα-

255 3257 472 3333 γωνιστοῶντος
494 3256 688 3337 καταγῶγιον.
712 3259 777 3337 ἡδέ
792 3258 976 3342 &promouit
997 3259 1031 3324 τὸ
1054 3258 1269 3324 εὐτελέστατον
1291 3256 1355 3338 ἔχει

255 3354 426 3434 πρόσωπον,
442 3352 461 3432 ἢ
477 3354 557 3436 ἱερὸν
577 3357 811 3438 ἐξηρημωμένον,
827 3358 846 3439 ἢ
864 3362 963 3428 ἄοικθς
985 3364 1060 3425 έστι.
1106 3360 1147 3423 Iu
1169 3358 1228 3423 hac
1249 3371 1354 3421 autem

255 3454 363 3518 fabula
377 3455 503 3520 Orestes
525 3456 641 3543 primas
662 3474 765 3545 partes
780 3462 857 3547 agit,
874 3463 1001 3527 Electra
1023 3462 1185 3538 secundas,
1203 3459 1354 3547 Clytoem-

255 3571 358 3620 nestra
371 3580 446 3620 vero
458 3558 573 3624 tertias.
612 3561 730 3624 Confer
745 3576 852 3627 notata
865 3562 904 3627 ad
921 3587 950 3628 v.
969 3565 1041 3648 838.
1064 3564 1243 3628 BLOMF.

301 3658 374 3743 879.
390 3660 515 3742 μοχλὸς,
534 3662 629 3739 Odere,
645 3685 710 3748 quo
724 3664 772 3728 vel
787 3663 976 3730 claudebant
990 3667 1083 3743 fores,
1097 3665 1146 3729 vel
1170 3664 1355 3728 reserabant.

260 3761 391 3872 Homer.
414 3761 476 3824 od.
498 3771 535 3826 Α.
550 3783 625 3844 442.
644 3767 735 3846 θύρην
750 3765 774 3830 δ’
791 3766 940 3848 ἐπέρυσσε
955 3771 1067 3849 κορώνῃ
1081 3766 1236 3853 Ἀργυρέγ·
1260 3767 1308 3829 ἐπὶ
1322 3767 1356 3828 δὲ

258 3870 351 3947 κληῖδ’
368 3872 535 3937 ἐτάνυσσεν
552 3876 660 3954 ἴμαντι.
683 3876 738 3939 ubi
759 3876 855 3941 schol.
871 3878 904 3941 τὸ
919 3880 1086 3960 λεγόμενον
1103 3878 1170 3960 παρ’
1186 3881 1255 3960 ἡμῖν
1278 3884 1356 3940 κλεῖ-

258 3973 341 4049 θρον.
365 3973 416 4034 δύο
432 3973 464 4034 δὲ
481 3972 545 4055 εἶχε
567 3973 634 4041 τοὺς
656 3977 779 4054 ίμαντας
802 3978 1012 4059 ἐξυρημένους
1033 3979 1083 4042 διά
1102 4005 1191 4044 τινοιν
1212 3980 1355 4061 τρησέων,

258 4068 294 4132 δν
308 4073 364 4149 μὶν
379 4073 412 4135 έκ
427 4076 539 4150 δεξιῶν,
557 4074 593 4137 δν
608 4078 641 4139 δὲ
656 4075 693 4156 έξ
705 4079 878 4161 ἀριστερῶν,
895 4085 937 4147 είς
955 4082 989 4145 τὸ
1010 4083 1154 4146 δύνασθαι
1176 4082 1225 4145 καὶ
1239 4078 1357 4158 ἀνοῖξαι

258 4171 306 4234 καὶ
323 4178 449 4235 κλεῖσαι.
494 4175 581 4238 Hinc
601 4185 760 4261 μοχλῶσαι
780 4183 834 4261 τὴν
856 4185 958 4264 θύραν,
974 4186 1139 4269 paruolum
1147 4183 1285 4269 scribut
1305 4183 1358 4247 ob-

257 4272 340 4352 dere,
357 4273 584 4361 Aristophanes
605 4280 691 4367 apud
715 4283 835 4348 Polluc.
854 4306 905 4361 10,
926 4302 975 4370 25.
1010 4292 1124 4368 κλῇθρα
1144 4286 1357 4367 συμπεραίνειν

257 4383 385 4459 μοχλοῖς
399 4376 513 4464 Eurip.
529 4380 584 4443 Or.
605 4385 697 4467 1567.
720 4387 774 4449 Cf.
791 4385 946 4451 Androm.
963 4407 1037 4473 952.
1061 4391 1181 4453 Contra
1196 4411 1271 4452 veru
1285 4388 1358 4451 ἅνα-
