2984 5054
491 351 560 415 AD
584 352 914 419 CHOEPHORAS.
1193 352 1257 420 465

197 534 380 603 415-417.
394 521 624 609 όταν-καλῶς]
640 523 757 592 Versus
770 523 919 610 corrupti.

196 623 273 702 416.
287 621 402 704 θρασό,
412 623 602 710 δπίστασεν]
619 626 763 690 Tumebi
777 626 844 690 baec
855 642 902 690 eat
914 625 1122 712 interpolatio.
1146 627 1257 709 θραρέα

154 720 308 786 πίστασεν
324 725 373 786 Μ.
391 724 499 791 Guelf.
516 728 600 792 Rob.
625 728 737 811 όραρία
750 731 914 793 πείστασεν
931 728 1007 793 Ald.

197 827 273 904 418.
296 826 334 889 δν
355 826 465 896 πάντες
488 829 596 893 Guelf.
619 830 718 893 codex
741 830 918 895 Robortelli
940 847 971 894 et
986 831 1063 895 Ald.
1080 845 1121 907 et,
1138 848 1172 895 ut
1187 831 1256 918 opi·

156 949 224 1006 nor,
247 929 298 991 M.
324 952 362 993 ex
389 954 454 1015 quo
480 930 609 1000 ἅπαντες
632 946 794 997 enotatum
820 933 906 1019 apud
931 934 985 998 Fr.
1011 933 1052 997 de
1076 934 1185 1000 Furia.
1217 935 1255 998 δν

156 1031 290 1098 εἰπόντες
303 1032 386 1097 Rob.
404 1035 509 1097 Turn.
528 1034 636 1121 Steph.
661 1037 794 1103 εἰπόντες
809 1058 847 1099 ex
868 1035 1032 1100 scholiasta
1046 1051 1104 1112 est,
1118 1036 1174 1122 qui
1189 1037 1257 1101 haec

155 1128 198 1193 sic
209 1129 355 1215 explicat,
370 1135 400 1195 τί
414 1133 512 1197 δεινδν
527 1136 661 1201 εἰπόντες
677 1138 750 1199 κατδ
766 1135 1029 1216 Κλιπαιμνήστρας
1049 1138 1190 1219 τύχοιμεν
1206 1140 1257 1214 τῆς

155 1231 211 1311 σῆς
225 1237 404 1317 συμμαχίας,
420 1233 443 1298 ὦ
465 1234 577 1318 πότερ;
601 1234 620 1315 ἢ
635 1238 655 1302 δ
668 1240 878 1318 πεπόνθαμεν;
904 1237 1112 1302 Saribendum
1127 1238 1165 1302 δν
1179 1235 1257 1320 φόν-

155 1358 204 1401 τες
217 1357 289 1398 cum
306 1336 431 1401 Bothio.

197 1438 338 1519 τόχοιμεν
351 1440 566 1504 Hermannua.
589 1444 731 1524 τύχοιμεν
746 1442 784 1504 ἂν
801 1439 879 1504 libri.

196 1537 215 1618 ἢ
233 1540 264 1622 (ἧ
280 1540 496 1626 Blomfieldus)
514 1542 619 1628 τόπερ]
635 1541 767 1625 ὦπάτερ
783 1544 888 1607 Turn.
905 1565 944 1607 ex
960 1543 1062 1606 verbis
1083 1541 1255 1607 scholiastae

155 1662 250 1728 supra
263 1643 423 1730 appositis.

196 1765 272 1830 419.
287 1747 365 1830 ἄχεα
379 1748 614 1813 Lachmannus.
638 1750 734 1832 όχθεα
749 1746 831 1813 libri.

196 1867 272 1930 421.
298 1852 400 1935 λύκος]
430 1853 521 1915 λύκον
548 1850 779 1936 Bambergerus
807 1850 839 1913 in
870 1848 1115 1913 Zimmermanni
1146 1849 1256 1915 Diario

154 1970 182 2012 a.
201 1948 294 2032 1836.
311 1974 342 2037 p.
359 1954 433 2035 5⁶4·

195 2072 268 2131 422.
293 2054 436 2138 ἄσαντος]
454 2056 672 2141 Imploeobilia
686 2065 731 2120 eat
748 2058 801 2119 ι’τα
815 2064 926 2120 nostro
941 2076 980 2118 ea
998 2057 1110 2118 matria
1131 2053 1255 2138 injurio

152 2162 183 2216 et
197 2156 331 2218 crimine
344 2167 501 2242 conceptu.
526 2158 626 2222 SCH.

197 2257 275 2342 ton]
301 2259 372 2336 εἰσι,
386 2261 525 2346 bag-ruit,
547 2260 789 2346 BambergeruS,
804 2259 917 2324 collato
940 2259 1051 2347 Suppl.
1071 2278 1140 2343 157.
1162 2267 1255 2341 χαλε·

152 2364 211 2422 ποΰ
225 2363 283 2441 γὰρ
299 2363 332 2423 ἐκ
345 2363 512 2440 πνεύματος
527 2361 586 2426 εἰσι
600 2363 723 2444 χειμιόν.

195 2464 375 2547 423-428.
399 2465 471 2526 Hos
485 2486 593 2527 versus
610 2462 706 2527 choro
721 2461 903 2526 tribuendos
918 2483 983 2524 ease
998 2460 1076 2524 vidit
1093 2463 1131 2525 Ο.
1149 2461 1256 2525 Muel-

154 2561 246 2628 lerus.

194 2686 268 2753 423.
292 2668 387 2742 ἔκοψε
403 2668 507 2732 Τιιιιι.
526 2668 634 2754 steph.
668 2670 785 2751 ἔκοψαν
803 2669 884 2732 Rob.
925 2664 1130 2730 Scribendum
1155 2667 1254 2750 ἔκοψα

153 2791 224 2832 cum
241 2770 291 2832 M.
309 2768 417 2834 Guelf.
435 2769 512 2834 Ald.

191 2869 317 2955 Ἀρεον]
344 2871 435 2935 Libri
455 2871 589 2954 Ἀρειον.
636 2873 842 2937 Scribendum
865 2871 982 2953 Ἀριον,
1009 2870 1096 2958 quod
1119 2871 1254 2936 restituit

153 2974 356 3036 Hermannus
369 2975 486 3060 Opusc.
503 2977 563 3040 vol.
579 2996 610 3055 4.
627 2999 659 3061 p.
675 2977 750 3060 338.
765 2976 893 3052 lectum,
911 2989 946 3038 ut
962 2973 1096 3051 videtur,
1112 2974 1152 3037 ab
1167 2975 1254 3039 sobo-

153 3074 252 3148 liasta‚
268 3075 323 3161 qui
339 3079 491 3157 Περσικόν
506 3076 740 3162 interpretatur.
779 3079 815 3140 V.
832 3076 872 3140 de
886 3077 945 3140 hoc
961 3077 1085 3139 nomine
1101 3077 1253 3163 Hesychii

152 3178 336 3264 interpretes
361 3203 383 3242 s.
409 3201 438 3242 v.
460 3177 588 3259 Ἀρείας.
628 3181 727 3242 Recte
754 3178 946 3243 intellexerat
966 3179 1174 3257 Abresohiue,
1197 3179 1253 3266 qui

154 3281 348 3367 Stephanum
364 3283 444 3368 Byz.
460 3281 534 3345 citat
550 3305 574 3344 s.
590 3304 618 3343 v.
631 3278 732 3361 Ἀρια.

196 3385 269 3468 εἴτε]
296 3383 502 3448 Scribendum
527 3384 561 3447 ἔν
582 3409 615 3447 τε
637 3405 708 3446 cum
734 3384 919 3445 Hermanno
934 3381 1036 3444 deleta
1051 3400 1122 3467 post
1137 3385 1250 3462 ἰηλεμι·

153 3488 255 3569 στρίας
269 3485 529 3573 interpunctione.

195 3591 336 3674 Κισσίας]
364 3591 401 3652 V.
417 3588 457 3652 ad
479 3590 567 3652 Pera.
588 3607 634 3670 17.
668 3588 795 3653 Κισσίας
810 3585 895 3649 Rob.
911 3586 1015 3647 Turn.
1034 3584 1142 3669 Stepb.
1176 3590 1251 3649 Κισ-

151 3694 232 3759 σίαις
246 3693 297 3755 Μ.
315 3692 424 3757 Guelf.
440 3690 517 3755 Ald.
803 3772 806 3778 Ι

194 3813 266 3874 424.
291 3796 408 3873 νόμοισι
428 3795 641 3873 πολεμιστρίας
665 3792 768 3854 Turn.
793 3789 902 3877 steph.
936 3792 1053 3869 νόμοισι
1075 3789 1249 3870 λεμιστρίας

151 3898 202 3961 Μ.
227 3897 335 3961 Guelf.
357 3896 435 3961 Ald.
465 3897 549 3961 Rob.
592 3895 797 3960 Scribendum
825 3897 925 3974 νόμοις
949 3893 1151 3973 ἰηλεμιστρίας
1175 3913 1249 3956 cum

152 4000 348 4076 Hermanno,
364 3998 475 4063 collata
489 4022 563 4086 quaa
577 3997 616 4061 ad
640 3998 724 4061 hunc
746 3996 850 4083 ipsum
867 3995 968 4060 locum
985 3994 1148 4059 referenda
1163 3992 1250 4058 haud

151 4099 247 4165 dubie
261 4117 308 4165 est
322 4100 426 4188 glossa
442 4100 605 4188 Hesycbii‚
622 4101 842 4179 ἰηλεμιστρίαςε
867 4097 1047 4179 θρηνητρίας.

193 4222 270 4288 425.
293 4202 552 4289 ἀπριγδόπληκτα]
576 4201 730 4283 ἅπριγκτοι
745 4199 861 4279 πληκτό
876 4198 957 4263 libri.
989 4199 1250 4280 ἆπριγκτόπληκτα

151 4304 298 4391 Scaliger.
338 4307 448 4368 Veram
472 4304 603 4367 formam
627 4301 762 4367 restituit
786 4301 1001 4377 Blomfieldus,
1023 4299 1136 4363 collato
1159 4300 1248 4361 Pers.

153 4409 247 4490 1056.
265 4409 315 4470 καί
326 4434 376 4488 μοι
391 4408 508 4488 γενείου
523 4404 614 4485 πέρθε
628 4404 756 4484 λευκήρη
770 4406 869 4486 τρίχα.
904 4409 960 4467 Χο.
976 4400 1092 4483 ἄπριγδ’
1109 4400 1246 4481 ἄπριγδα,

82 4528 87 4538 ·
148 4508 231 4588 μάλα
245 4507 363 4589 γοεδνά.

693 4625 752 4689 gu
