2984 5054
265 342 331 409 386
625 342 1005 408 ANNOTATIONES

264 515 330 594 ἡδὶ
343 537 531 596 χειρονργικη
554 514 602 574 διὸ
617 511 652 574 τὸ
673 510 792 590 τέμνειν
814 512 863 574 καὶ
882 511 976 575 καίειν
996 509 1118 592 ἀγιάζει.
1153 506 1309 594 Hippocr.
1326 509 1369 573 de

266 613 396 678 Medico
416 636 449 698 p.
470 632 521 697 13,
541 612 591 675 18.
607 610 657 675 ed.
676 611 773 675 Basil.
800 612 849 676 ἐπὶ
870 613 903 675 δὲ
927 616 987 675 τιῖν
1008 614 1203 694 χειρονργιῶν
1222 611 1294 673 ὅσοι
1317 614 1368 675 tu

264 720 355 795 τομῆς
378 716 464 793 cloia,
487 712 506 793 ἢ
528 714 660 779 aciatos.
698 713 750 778 Cf.
771 712 895 800 Aphor.
919 715 951 789 6,
968 727 1017 794 27.
1036 726 1067 793 7,
1081 729 1137 792 44.
1160 710 1191 790 8,
1207 713 1238 774 6.
1270 712 1366 775 Plato

265 819 365 903 Gorg.
388 840 419 904 p.
435 819 508 901 456.
526 817 565 879 Β.
590 815 656 899 οὐχὶ
680 815 826 880 ἐθέλοντα
845 814 864 893 ἢ
886 814 1043 897 φάρμακον
1065 819 1156 892 πιεῖν,
1178 812 1197 893 ἢ
1221 820 1324 893 τεμεῖν
1346 812 1365 894 ἦ

264 924 372 982 καῦσαι
385 924 556 1001 παρασχεῖν
569 921 609 1003 τῷ
624 919 722 1002 ἰατρῷ.
746 917 799 980 ubi
824 915 989 1003 legendum
1005 914 1130 978 videtur
1149 913 1167 995 ἢ
1191 922 1293 995 τεμεῖν
1316 917 1365 979 καί

264 1026 380 1084 καῦσαι.
404 1020 522 1107 quippe
543 1034 614 1105 post
636 1017 814 1105 scalpellum
838 1015 1024 1093 adhibitum,
1048 1015 1162 1080 vulnus
1181 1015 1265 1080 ferro
1287 1039 1364 1081 can·

262 1120 355 1187 dente
370 1122 569 1186 ustulabotur
583 1119 623 1182 ad
639 1119 819 1206 sanguinem
836 1117 1055 1182 cohibendum.
1087 1118 1172 1182 lbid.
1187 1141 1219 1204 p.
1233 1120 1311 1200 480.
1324 1121 1365 1185 C.

261 1225 302 1305 μὴ
317 1227 502 1308 ἀποδειλιᾷν,
519 1225 601 1287 ἀλλὰ
621 1221 766 1304 παρέχειν
786 1222 924 1301 μύσαντα
946 1221 994 1284 καὶ
1015 1220 1155 1301 ἀνδρείως
1174 1219 1294 1300 τέμνειν
1314 1222 1364 1286 καί

262 1325 345 1390 κάειν
358 1330 398 1412 τῷ
415 1326 512 1412 ἰατρῷ.
536 1323 608 1388 Vid.
625 1321 751 1386 Heusd.
768 1324 858 1409 Spec.
874 1320 953 1387 Crit.
971 1344 1005 1408 p.
1022 1343 1073 1406 91.
1097 1322 1272 1387 BLOMF.

306 1427 379 1512 850.
395 1424 465 1508 πῆμ’
481 1423 673 1507 ἀποστρέψαι
688 1426 780 1488 νόσον
795 1426 963 1487 Porsonus.
996 1423 1128 1504 πήματος
1141 1424 1252 1507 τρέψαι
1266 1427 1363 1492 νόσον

261 1527 341 1593 libri.

305 1632 380 1695 860.
395 1630 456 1717 ὑπ’]
472 1630 517 1698 ἀπ’
534 1632 576 1695 Τ.

305 1733 379 1818 863.
396 1735 541 1813 κληδόνας
556 1735 711 1799 Auratus.
732 1733 840 1812 ἡδονὰς
853 1728 933 1796 libri.

304 1836 376 1920 869.
394 1835 542 1915 ἐπλήθυον
557 1837 728 1899 Porsonus.
751 1833 919 1912 έπλήθννον
934 1832 1013 1896 libri.

305 1937 377 2018 871.
393 1938 493 2001 Hunc
506 1936 608 2000 locum
623 1935 706 1999 varie
719 1948 858 2014 tentant3
881 1936 935 1999 sed
946 1949 1066 2000 nonest
1080 1957 1161 2021 opus
1175 1928 1359 2015 mutatione,

259 2037 354 2102 modo
368 2037 534 2124 virgulam,
550 2060 623 2123 quae
644 2037 741 2123 vulgo
762 2051 832 2124 post
853 2037 962 2120 χθονὸς
983 2036 1176 2124 appingitur,
1197 2037 1238 2101 ad
1261 2039 1357 2103 finem

260 2138 427 2226 superioris
442 2162 548 2204 versus
562 2139 691 2227 rejicias,
707 2155 739 2203 et
753 2138 795 2203 sic
808 2138 1037 2226 interpreteris:
1060 2141 1202 2205 Multam
1222 2162 1360 2229 superne

261 2246 339 2328 (ιιοτι
362 2244 445 2306 enim
466 2263 535 2306 eum
555 2243 625 2306 dico
643 2263 714 2330 (μιαν
732 2242 960 2324 santernum)
981 2243 1135 2329 triplicem
1158 2252 1253 2309 terroe
1272 2244 1360 2308 οάίο-

258 2345 355 2430 mydu
369 2346 508 2432 cepisset,
523 2344 555 2408 id
567 2358 624 2418 est,
640 2353 688 2409 ter
704 2346 846 2431 sepultus
853 2345 993 2428 subest.
1031 2345 1178 2430 Namque
1191 2344 1247 2432 qui
1270 2368 1358 2432 sepe·

258 2447 380 2512 liuntur
408 2451 466 2529 γῆν
492 2446 688 2512 έπιέννννται.
727 2446 889 2533 Theognis
909 2465 984 2524 420.
1014 2447 1212 2512 [κροτεῖσθαι
1235 2449 1359 2529 πολλὴν

258 2557 350 2632 γαῖαν
381 2548 601 2631 έφεσσάμενον.
640 2547 792 2611 Simonid.
819 2549 884 2634 Ep.
914 2564 985 2633 105.
1015 2548 1106 2630 αι’ντάρ
1132 2548 1249 2632 έθάφθη
1277 2551 1357 2629 Ζωὴ,

259 2654 383 2734 Πιερίην
412 2655 468 2733 γῆν
498 2648 710 2729 ἐπιεσσαμένη.
753 2648 914 2713 Theocrit.
940 2652 1004 2736 Ep.
1030 2669 1060 2734 9.
1089 2651 1229 2729 Ὀθνείην
1259 2658 1359 2732 κεῖμαι

260 2751 478 2834 ἐφεσσάμενος.
511 2750 684 2837 AEscbylus
712 2750 744 2813 in
767 2750 899 2814 Antbol.
923 2772 955 2837 3,
977 2769 1008 2835 5.
1030 2751 1185 2831 Τλήμονες
1204 2750 1359 2818 Ὀσσαίαν

258 2851 447 2933 ἀμφιέσαντο
471 2852 563 2914 κόνιν.
595 2849 726 2914 Antbol.
750 2873 781 2937 p.
796 2870 872 2937 312.
894 2854 926 2915 τί
943 2852 1039 2917 πλέον
1062 2856 1119 2934 γῆν
1141 2855 1357 2934 έπιεννιίμεθα;

260 2951 411 3038 Xenoph.
429 2954 548 3039 Cyrop.
565 2955 597 3030 6,
613 2971 646 3034 4,
662 2955 692 3017 6.
709 2958 790 3035 κοινῇ
805 2958 862 3036 γῆν
877 2954 1066 3018 ἐπιέσασθαι.
1097 2954 1173 3019 Vid.
1192 2955 1356 3020 Hemster-

259 3053 330 3118 hus.
346 3054 385 3117 ad
403 3052 543 3141 Hesych.
560 3056 604 3118 Τ.
618 3075 644 3118 1.
660 3078 692 3142 p.
708 3075 744 3140 13
746 3073 799 3141 52.
815 3054 1012 3119 Valcken.ad
1027 3055 1182 3120 Herodot.
1194 3058 1222 3120 8.
1238 3081 1271 3143 p.
1282 3060 1357 3144 630.

260 3154 430 3220 Ruhnken.
447 3157 510 3242 Ep.
527 3155 606 3221 Crit.
627 3177 653 3220 1.
668 3179 701 3243 p.
722 3177 791 3242 119.
808 3157 942 3222 Dorvill.
958 3156 997 3221 ad
1014 3158 1134 3224 Charit.
1149 3182 1179 3246 p.
1192 3164 1269 3246 365.
1293 3162 1357 3227 Sed

258 3257 389 3344 propius
410 3258 450 3322 ad
473 3257 570 3322 nostri
585 3257 773 3323 locutionem
787 3258 906 3324 accedit
919 3259 1005 3324 istud
1021 3260 1167 3325 Hectoris
1181 3262 1267 3348 apud
1287 3265 1358 3328 Ho-

258 3382 335 3424 mer.
354 3362 370 3424 Ι
375 3360 393 3425 Ι.
408 3368 442 3439 Γ,
458 3378 511 3448 57.
533 3362 552 3442 ἦ
566 3362 599 3426 τέ
618 3389 669 3427 κεν
683 3363 737 3443 ἤδη
751 3362 865 3427 Λάῖνον
888 3363 963 3427 έσσο
981 3369 1103 3446 χιτῶνα,
1118 3363 1138 3427 i.
1153 3388 1180 3428 e.
1195 3365 1357 3451 lapidibus

256 3463 528 3549 obmtuajicissas.
567 3467 714 3529 Ceterum
731 3465 816 3529 huno
830 3464 975 3550 AEschyli
989 3466 1090 3530 locum
1106 3481 1189 3532 recte
1203 3466 1356 3534 intellexit

257 3580 288 3631 et
302 3566 498 3654 interpunxit
514 3568 552 3632 F.
576 3568 713 3632 Ursinus
727 3567 766 3632 ad
782 3567 893 3654 Virgil.
906 3570 984 3632 AEu.
998 3571 1028 3647 8,
1040 3571 1116 3654 564.
1131 3571 1287 3635 Nascmti
1301 3575 1355 3636 cai

258 3678 321 3734 tres
343 3672 468 3735 αιιῖπιαο
484 3673 625 3735 Feronia
639 3681 738 3735 mater
755 3671 979 3755 (Horrendum
994 3672 1093 3754 dictu)
1109 3672 1248 3749 dederat,
1263 3682 1357 3738 term

257 3791 349 3833 orma
364 3772 536 3843 movenda,·
565 3774 631 3835 Ter
645 3773 704 3836 leto
718 3772 903 3836 sternendas
917 3780 997 3835 erat.
1021 3773 1195 3836 BLOMF.

301 3872 375 3933 881.
392 3871 780 3957 ἀμφίλεκτα-προφωνῶν]
795 3872 959 3957 Ancipitia
974 3874 1052 3935 mibi
1073 3874 1158 3937 mola
1178 3894 1356 3940 memorant

257 3986 287 4035 et
303 3971 344 4035 ob
359 3972 465 4035 oculos
480 3995 607 4059 ponens,
621 3998 694 4061 quoe
708 3973 846 4037 accidere
866 3988 1002 4058 possent,
1017 3975 1177 4061 vitamque
1188 3974 1309 4040 Orestis
1322 3976 1354 4040 in

257 4095 414 4136 summum
429 4072 592 4138 discrimen
608 4075 774 4139 adducere.
800 4075 901 4137 SCH.

302 4176 374 4253 884.
397 4176 513 4254 βουλὴν
531 4176 752 4260 καταρρίψειεν]
773 4175 860 4239 Male
882 4177 938 4239 int.
959 4177 1132 4243 Heathius:
1156 4200 1272 4244 aarum
1291 4182 1353 4244 ali-

255 4277 338 4365 quad
358 4278 617 4363 periclitaretur3
641 4279 761 4342 verius:
791 4281 858 4342 sive
880 4280 1047 4366 popularis
1071 4281 1217 4367 quoedam
1241 4284 1354 4348 reddin

255 4387 398 4441 senatum
413 4379 601 4442 deturbaret.
627 4381 727 4444 SCH.

299 4473 531 4565 ὥστε-πλέον]
547 4480 640 4544 Sicut
654 4503 719 4546 mor
728 4491 774 4546 est
784 4481 965 4546 mortalium
979 4501 1049 4545 eum
1060 4482 1115 4568 qui
1128 4481 1239 4546 cecidit
1249 4485 1357 4570 magis
