2984 5054
496 357 565 421 AD
587 355 987 421 AGAMEMNONEM.
1226 355 1292 423 889

192 525 267 587 θεοί.
284 522 490 588 Blomfieldus
504 529 596 589 πειθῶ
609 527 740 605 μολπᾶν,
754 523 850 587 ἀλκὰν
864 522 1025 602 ξίμφντον,
1042 521 1125 598 αίιίν,
1143 517 1293 583 Schuetz·

192 623 355 689 inserendis
376 628 497 705 μολπὰν
516 627 595 708 ἀλκᾷ
621 625 774 706 σύμφυτος
796 622 871 687 αίέν.
904 620 987 685 uude
1009 619 1144 685 Bothius
1168 621 1211 684 ἔτι
1234 623 1293 703 γδρ

191 723 298 790 θεόθεν
314 728 482 790 καταπνείει
496 728 589 790 πειθὼ
602 731 723 806 μολπᾶν
738 727 815 809 ἀλκᾷ
829 725 977 805 ξύμφντος
996 723 1079 796 αίιίν,
1094 743 1169 785 nem
1188 722 1293 786 αθθιιο

192 828 316 893 viatus
329 829 496 915 conjuncta
510 837 592 891 cetae
602 827 760 892 diuinitus
770 829 911 914 διορίσαι
912 825 1073 911 fiduciam
1088 827 1292 888 canticorum.

239 929 311 992 108.
327 930 463 1009 δίθρονον
479 928 597 1016 κράτος]
612 930 787 1015 Imperium
802 929 948 992 binorum
963 948 1087 1015 regum
1111 926 1183 991 Vid.
1198 949 1295 1014 supra
1351 1000 1361 1018 Ο

193 1029 233 1094 ad
249 1052 280 1095 v.
296 1048 351 1110 42.
398 1029 554 1094 Stanleius
572 1044 733 1118 comparat
752 1035 898 1111 δικρατεῖς
910 1028 1070 1111 Ἀτρεῖδαι,
1087 1027 1183 1115 Soph.
1200 1030 1293 1115 Ajac.

195 1151 267 1218 252.
313 1134 405 1198 Infra
426 1136 500 1200 602.
525 1133 692 1199 Menelaus
717 1134 832 1199 dicitnr
856 1138 946 1214 τῆσδε
968 1136 1023 1215 γῆς
1051 1136 1146 1216 φίλον
1167 1134 1292 1215 speltam

195 1234 313 1321 ubique
333 1233 416 1299 enim
438 1234 478 1299 de
494 1235 641 1300 Menelao
661 1235 801 1323 loquitur
817 1235 999 1322 AEsohylus,
1014 1235 1104 1321 quasi
1118 1257 1189 1299 cum
1206 1236 1294 1322 Agu-

194 1359 358 1403 memnone
372 1338 404 1403 in
419 1337 550 1425 imperio
564 1339 756 1404 consociatus
770 1338 876 1403 suerit.
899 1338 1075 1403 BLOMF.

236 1437 404 1526 Ἐλλιίδος]
420 1441 590 1528 Adjective
603 1440 732 1506 dictum.

237 1541 325 1628 ἥβας]
339 1543 421 1622 ἥβαν
435 1541 506 1607 libri
520 1557 553 1607 et
567 1542 741 1608 scholiasta.
775 1545 959 1608 Correetum
976 1566 1015 1607 ex
1030 1541 1193 1629 Aristoph.
1211 1543 1294 1606 Rau.

199 1645 292 1725 1284.
307 1643 362 1708 ubi
375 1643 447 1708 libri
461 1644 571 1731 optimi
584 1645 674 1724 ἥβας,
690 1644 857 1710 deteriores
870 1645 961 1726 ἥβαν.

242 1765 314 1811 110.
337 1749 449 1832 ταγὸν]
476 1747 526 1811 Fl.
549 1749 592 1811 T.
617 1747 727 1834 Steph.
753 1750 809 1812 τᾶν
830 1752 889 1830 γᾶν
911 1749 962 1811 Μ.
985 1745 1063 1810 Ald.
1087 1745 1170 1811 Rob.
1201 1750 1296 1827 ταγῖιν

197 1849 302 1914 Turn.
326 1851 382 1913 τᾶν
396 1852 455 1932 γὰν
471 1848 579 1913 Guelf.

242 1970 312 2016 111.
330 1949 454 2037 πέμπει]
471 1951 570 2030 πέμπη
585 1951 670 2016 Rob.
692 1953 794 2039 πέμπῃ
810 1951 919 2039 steph.

199 2052 291 2214 Τξὺν
307 2051 418 2138 steph.
438 2074 510 2116 cum
529 2054 743 2142 Aristophane
760 2055 844 2119 Rau.
860 2055 953 2121 1288.
976 2054 1034 2119 σὺν
1048 2055 1099 2118 Μ.
1114 2049 1192 2116 Ald.
1208 2049 1295 2113 Rob.

233 2172 302 2214 urn.

240 2254 303 2334 δορί
326 2255 374 2318 καὶ
398 2256 466 2337 χερί
489 2254 643 2341 πράκτορι]
666 2258 729 2339 δορὶ
753 2258 834 2325 δίκας
854 2256 996 2339 πράκτορι
1020 2254 1179 2341 (πλάκτορι
1201 2249 1295 2335 Ald.)

198 2355 266 2419 libri
281 2377 399 2419 omues.
427 2358 612 2422 Correetum
628 2383 667 2422 ex
680 2359 844 2446 Aristoph.
863 2361 945 2423 Ran.
959 2359 1050 2425 1288.
1066 2358 1148 2422 δίκας
1162 2377 1201 2418 ex
1216 2352 1297 2439 glos·

196 2472 311 2523 semate
324 2459 460 2546 irrepsit.
508 2460 689 2534 Scholiasta,
705 2466 745 2547 τῷ
762 2463 844 2541 δίκην
859 2459 1092 2544 εἰσπραξομένῳ.

243 2579 313 2640 114
340 2563 454 2625 οίωνῶν
475 2563 634 2648 βασιλεὺς]
660 2561 800 2627 Pindaro
826 2562 918 2645 ἀρχὸς
944 2564 1057 2625 οίαινῶν
1078 2559 1175 2646 Pyth.
1196 2579 1223 2637 1,
1247 2575 1297 2647 13.

198 2663 310 2727 Horat.
328 2664 435 2727 Carm.
448 2684 480 2745 4,
495 2684 530 2743 4,
547 2684 576 2731 2.
610 2667 674 2731 cui
688 2687 746 2729 ree
760 2667 889 2729 deorum
904 2685 1041 2751 regnum
1055 2665 1091 2726 ιἰι
1106 2684 1181 2729 aves
1195 2686 1299 2755 vagas

193 2767 353 2851 permisit.
377 2766 553 2831 BLOMF.

243 2883 314 2952 115.
332 2867 419 2954 νεῶν]
436 2868 513 2933 νέων
528 2868 608 2934 Ald.

241 2969 391 3059 κελαινὸς]
426 2970 517 3036 Inter
545 2995 600 3036 sex
629 2972 805 3060 aquilarum
834 2973 950 3061 species
978 2972 1018 3037 ab
1047 2972 1219 3037 Aristotele
1250 2995 1297 3037 re·

197 3072 328 3138 oensitas
354 3074 400 3137 H.
423 3074 469 3136 A.
492 3095 524 3158 9,
548 3093 601 3160 32.
633 3075 733 3161 prima
761 3098 781 3140 a
809 3074 911 3141 oolore
938 3077 1091 3158 πιίγαργος
1119 3075 1203 3139 dicta
1230 3091 1295 3151 est;

199 3175 289 3241 tertia
315 3197 335 3238 a
363 3173 466 3239 oolore
491 3175 600 3240 itidem
630 3178 834 3257 μελαναίετος,
865 3190 897 3242 et
926 3174 1115 3259 λαγωφόνος.
1170 3179 1222 3242 De
1249 3178 1298 3243 his

198 3275 396 3365 aoeipiendus
421 3291 469 3341 est
493 3277 674 3366 AEsohylus.
701 3277 739 3344 ‘0
766 3278 902 3346 κελαινός
924 3278 1007 3343 idem
1029 3291 1076 3343 est
1096 3301 1133 3343 ao
1154 3282 1297 3358 μελαναί-

200 3402 272 3448 ετος·
309 3379 365 3465 qui
396 3402 435 3443 ex
466 3379 674 3467 descriptione
697 3381 877 3445 Aristotelis
903 3381 998 3460 μέλας
1025 3381 1079 3460 τὴν
1107 3386 1223 3464 χραιδν,
1251 3383 1298 3447 καὶ

197 3481 322 3563 μέγεθος
344 3480 513 3564 ἐλάχιστος,
536 3483 584 3546 καὶ
607 3482 761 3564 κράτιστος
782 3487 902 3547 τούτων.
948 3483 1036 3546 Hinc
1050 3482 1190 3547 Achilles
1211 3484 1298 3570 apud

199 3584 375 3645 Homerum
396 3580 469 3645 huic
491 3583 605 3668 aquilae
628 3598 829 3670 comparatur
852 3584 894 3647 Il.
916 3589 956 3661 Φ,
979 3602 1051 3667 252.
1074 3586 1181 3648 Αίετοΰ
1202 3585 1296 3665 οἴματ’

199 3683 278 3766 ἔχων
291 3683 423 3763 μέλανος
438 3689 489 3747 τοῦ
504 3690 673 3766 θηρητῆρος,
684 3684 744 3753 'Os
758 3685 783 3751 θ’
800 3686 860 3765 ἅμα
876 3685 1028 3767 κάρτιστός
1050 3709 1083 3748 τε
1105 3687 1153 3749 καί
1175 3687 1298 3754 ὤκιστος

197 3792 356 3865 πετεηνῶν.
363 3787 622 3872 —Agamemnon
636 3787 822 3872 μελαναιέτιρ
836 3801 966 3874 propter
981 3786 1209 3866 fortitudinem,
1228 3789 1297 3852 Me-

198 3887 305 3952 nelaus
325 3887 467 3973 τπιγίργῳ
482 3903 692 3975 comparatur,
708 3889 797 3976 quasi
812 3887 945 3953 imbellis
959 3903 990 3952 et
1007 3888 1143 3953 uxorius.
1168 3890 1295 3954 Sum.

199 3990 328 4055 Confer.
344 3992 457 4054 Taetz.
473 3991 513 4055 ad
530 3991 689 4078 Lycophr.
707 4010 759 4077 90.
783 3992 864 4055 Rem
881 3991 946 4076 ipse
961 3989 1096 4054 illustrat
1110 4006 1203 4076 poeta
1216 3992 1299 4056 infra

201 4111 271 4157 120.
296 4114 472 4157 memorans
497 4094 549 4158 δύο
575 4092 689 4173 λήμασι
715 4091 836 4159 δισσοὺς
857 4090 1020 4173 Ἀτρείδας.
1067 4093 1216 4156 Ceterum
1239 4093 1298 4157 hoc

197 4208 378 4280 portentum
394 4216 452 4280 pro
467 4216 500 4258 re
515 4217 572 4258 sua
587 4193 775 4280 excogitavit
787 4192 977 4279 AEschylus3
1001 4190 1087 4254 aliud
1100 4204 1298 4256 narraverant

199 4298 361 4360 Homerus
382 4296 414 4359 in
438 4295 558 4360 Aulide
580 4295 691 4373 visum,
716 4292 808 4358 Iliad.
826 4299 860 4357 B.
875 4293 950 4377 308.
966 4294 1091 4356 Auctor
1107 4294 1298 4380 Cypriorum

198 4421 250 4485 ap.
260 4400 409 4462 Proclum
425 4420 457 4486 p.
468 4414 543 4482 475.
558 4396 609 4462 ed.
624 4394 784 4461 Gaisford.
800 4394 853 4459 Cf.
864 4396 976 4458 Tzetz.
991 4393 1032 4457 ad
1049 4394 1211 4481 Lyoophr.
1224 4412 1297 4478 203.

200 4500 375 4565 BLOMF.

120 4606 134 4623 “
706 4619 726 4660 u
743 4619 763 4661 u
780 4614 799 4661 2
