2984 5054
188 346 255 412 884
550 344 927 408 ANNOTATIONES

190 533 266 576 vero
279 509 479 576 falsissimum
501 524 558 574 est.
603 507 810 575 Philochorus
830 531 881 596 ap.
901 507 995 574 schol.
1013 508 1108 596 Soph.
1125 507 1205 573 OEd.
1222 507 1296 573 Col.

194 632 267 677 101.
281 611 323 676 de
336 608 519 697 hujusmodi
534 610 628 676 sacris
641 633 748 697 agens,
763 610 909 676 describit
919 612 954 676 οὗ
967 609 1061 692 μόνον
1075 612 1180 679 θυσίας
1199 620 1298 694 νηφα

190 716 285 788 λίνος,
301 715 383 781 ἀλλά
398 712 446 777 καὶ
461 713 538 792 ξύλα
551 717 627 790 τινὰ,
645 711 692 796 ἀφ’
709 714 751 777 ῶν
766 714 876 778 ἔκαιον.
923 715 962 777 ln
979 714 1116 777 Eumen.
1130 715 1202 776 106.
1220 710 1299 798 Cly·

191 830 372 880 taemncstra
393 813 446 893 ait,
470 815 666 880 Eumenidas
690 813 890 902 compellans,
911 813 956 880 Ἦ
978 819 1081 881 πολλὰ
1100 817 1157 895 μὲν
1179 815 1215 894 δή
1237 821 1300 878 τῶν

192 919 272 999 έμῶν
295 918 429 995 ἐλείξατε
455 914 539 983 Χοός
560 915 585 981 τ’
606 918 734 995 ἀοίνους,
762 915 895 999 νηφάλια
919 918 1107 999 μειλίγματα,
1131 918 1190 980 Καὶ
1214 917 1300 980 νυκτὶ

192 1022 290 1100 σεμνὰ
305 1016 397 1082 δεῖπν’
415 1016 460 1081 ἐπ’
478 1016 593 1103 ἐσχάρᾳ
607 1018 697 1099 πυρὸς
711 1016 878 1083 Ἔθυον--.
925 1020 1029 1096 Quare
1051 1017 1110 1082 hoc
1131 1017 1299 1104 epitheton

192 1120 234 1185 ad
263 1120 376 1184 Furias
406 1118 490 1182 haud
516 1118 660 1205 pertinet.
706 1120 803 1184 Forte
828 1119 1012 1184 vertendum
1036 1134 1083 1183 est
1108 1120 1299 1205 templorum

191 1223 358 1307 tacnfiaiia
372 1223 558 1299 carentium,
574 1244 647 1307 quae
661 1220 753 1285 Paris
767 1220 963 1308 neglexeram
987 1243 1058 1285 nam
1080 1220 1235 1285 sententia
1255 1221 1299 1285 ad

194 1322 311 1387 Parida
332 1321 485 1408 respicere
507 1321 642 1387 videtur.
665 1322 805 1410 Hesych.
829 1322 967 1404 Ἀπόρου
991 1325 1110 1388 ἀθύτον.
1134 1329 1300 1406 Σοφοκλῆς

192 1430 322 1492 Μυσοῖς.
346 1424 474 1489 Pindar.
498 1422 548 1489 Ol.
570 1441 601 1506 7,
617 1426 667 1489 88.
689 1430 796 1504 τεῦξαν
818 1423 842 1488 δ’
865 1426 987 1504 ἀπύροις
1009 1426 1099 1506 ίεροῖς
1117 1423 1238 1493 Ἀλσος
1263 1428 1300 1490 ἐν

192 1527 362 1610 ἀκροπόλει,
379 1527 419 1591 de
434 1525 580 1591 Helladis
593 1527 649 1614 qui
664 1526 753 1593 obliti
773 1541 862 1592 erant
882 1527 985 1613 ignem
1008 1526 1048 1590 ad
1071 1550 1158 1591 sacra
1178 1550 1299 1614 appor-

192 1642 268 1695 tare.
292 1630 468 1694 BLOMF.
490 1635 560 1693 Τῶν
575 1634 699 1712 Μοιρῶν
714 1631 763 1694 καὶ
781 1635 840 1693 τῶν
859 1629 1004 1711 Ἐρινύων
1017 1627 1097 1692 dixit
1120 1628 1299 1695 scholiasta.

194 1729 403 1797 Manifestum
418 1744 463 1796 est
480 1729 656 1816 iphigeniae
672 1729 909 1816 intelligendum
931 1729 1112 1794 sacrificium
1133 1754 1211 1813 esse,
1228 1755 1299 1797 mo-

193 1831 326 1917 nuitque
358 1832 591 1917 Bambergerus
625 1832 658 1895 in
691 1831 950 1897 commentatione
986 1831 1026 1895 de
1053 1833 1301 1918 Agamemnone

194 1931 382 2018 Brunsvigoe
396 1931 481 1996 edita
494 1955 524 1996 a.
544 1933 601 2016 183
603 1953 634 2016 5.

239 2049 293 2115 71.
308 2032 504 2117 παραθέλξει]
523 2033 686 2112 Μνίαιάῖθ,
702 2043 733 2098 et
749 2054 789 2097 αα
807 2039 968 2121 proposito
985 2033 1131 2097 devertat.
1154 2057 1192 2098 ea
1214 2036 1301 2103 enim

194 2149 243 2200 est
265 2135 313 2198 vis
336 2134 565 2221 praepositionis
587 2133 679 2216 παρά.
722 2135 845 2199 Eodem
868 2158 959 2200 sensu
978 2135 1093 2222 Eurip.
1118 2136 1301 2221 Med.144

196 2235 443 2318 Παρθαλπομένα
457 2236 555 2317 φρένα
573 2238 685 2316 μύθοις.
710 2237 879 2301 BLOMF.
924 2237 1180 2323 Comparandum
1204 2265 1303 2323 παρα-

196 2340 324 2412 σαίνειν,
339 2336 427 2423 quod
444 2337 602 2402 Seidlerus
617 2339 705 2402 Pers.
723 2340 775 2420 96.
790 2337 934 2402 restituit.

241 2457 292 2523 72.
308 2441 393 2524 ἀτίτᾳ
408 2438 490 2503 Rob.
510 2439 620 2526 Steph.
644 2441 744 2504 ἀτιταῖ
757 2438 865 2503 Guelf.
888 2441 985 2503 drtrol
1001 2441 1043 2502 Τ.
1089 2441 1303 2511 scribendum

195 2543 293 2606 ἀτίται
308 2562 380 2604 cum
397 2539 449 2606 Fl.
465 2540 542 2606 Ald.
556 2543 661 2605 Turn.
679 2549 699 2581 ‘⁴
709 2543 793 2620 ἡμεῖς
804 2539 827 2605 δ’
844 2542 939 2604 ἀτίται
953 2541 1107 2626 siguificat
1121 2565 1178 2607 nos
1193 2557 1304 2613 autem

196 2643 314 2714 idaim·
345 2657 380 2705 ut
395 2644 411 2704 θ
424 2643 612 2722 ματροφόνος
626 2642 728 2707 ἀτίτας
741 2642 838 2704 Eum.
854 2663 885 2704 v.
902 2644 975 2725 256.
989 2656 1036 2705 est
1049 2647 1222 2710 matricida
1236 2651 1303 2714 im·

195 2744 304 2830 punis.
325 2741 412 2822 σαρκὶ
427 2745 541 2824 παλαιᾷ
553 2740 795 2805 construendum
811 2755 859 2805 est
873 2764 943 2805 cum
960 2745 1163 2828 sequentibus
1174 2753 1226 2827 τῆς
1241 2752 1303 2815 τότ’

198 2844 317 2923 ἀρωγῆς
335 2842 579 2923 ὑπολειφθέντες,
595 2842 654 2906 hoc
672 2865 781 2907 sensus
805 2865 862 2907 τιατ
875 2852 979 2906 nutem
992 2845 1084 2909 illusi
1098 2858 1192 2934 atqac
1207 2863 1305 2919 extra

197 2943 272 3008 betti
287 2943 466 3030 periculam
483 2945 655 3020 τοτιαθόίιιίό,
672 2952 803 3030 proptor
819 2953 1003 3009 senectutem
1022 2952 1162 3034 οοψοιθς
1184 2955 1221 3016 in
1244 2957 1306 3021 illa

199 3046 399 3131 aspeditionc
411 3043 495 3108 domi
510 3045 621 3122 relicti,
637 3047 828 3110 manemus.”
851 3048 950 3110 SCH.
997 3048 1223 3136 Interpretatio
1245 3080 1306 3144 pa-

200 3167 273 3209 rum
293 3143 472 3230 probabilis.
517 3145 650 3210 Rectius
668 3146 719 3209 alii
737 3149 940 3211 inhonoratos
954 3148 1185 3220 intellexerunt.
1209 3159 1307 3226 ότιτοι

202 3245 419 3312 Blomfieldus.

247 3363 298 3433 75.
328 3346 502 3433 σκήπτροις]
532 3348 675 3413 Bacalia.
720 3347 931 3414 Callimachus
959 3352 1074 3439 Epigr.
1098 3376 1125 3436 1,
1152 3375 1183 3440 7.
1213 3379 1307 3430 vocat

200 3452 346 3526 σκίπωνα,
361 3450 534 3533 γεροντικὸν
548 3452 655 3515 όπλον.
670 3465 703 3514 et
717 3452 844 3537 Fragm.
860 3451 933 3531 484.
950 3454 1124 3532 σκηπόνιον,
1141 3459 1158 3523 ὃ
1175 3462 1212 3541 δή
1226 3465 1307 3532 πέλε

198 3553 311 3638 γήραος
331 3554 417 3638 ὀκχή.
463 3554 611 3618 Cratinus
631 3553 663 3617 in
687 3555 800 3632 Νόμοις
819 3576 871 3640 ap.
892 3554 1002 3617 Lexic.
1020 3557 1162 3643 Seguier.
1178 3586 1211 3650 p.
1228 3584 1307 3651 371·

198 3655 251 3721 ed.
276 3654 409 3720 Bekker.
429 3654 477 3718 Ἢ
499 3661 667 3734 πρεσβῦται
688 3654 766 3718 πάνυ
788 3654 941 3735 γηραλέοι,
965 3657 1158 3741 οκήπτροισιν
1184 3667 1308 3734 fixam

198 3761 384 3837 προβῶντες.
410 3756 584 3819 BLOMF.

245 3856 300 3937 76.
315 3856 395 3943 ὅτε]
412 3857 464 3919 ότε
477 3853 559 3920 libri.
603 3854 721 3945 Divisit
737 3855 902 3921 Stanlcius.

244 3953 371 4039 μυελὸς]
385 3957 509 4020 Robur.

245 4070 297 4139 77.
320 4055 476 4143 ἀνᾴσσων]
498 4058 570 4123 Iota
588 4058 799 4144 subscriptum
820 4057 853 4122 in
875 4057 962 4122 libris
982 4059 1023 4124 de
1045 4083 1132 4128 more
1153 4070 1309 4139 omissum

200 4156 318 4244 adjecit
332 4159 547 4224 Hermannus.

245 4258 297 4342 78.
316 4256 424 4345 Ἀρης]
440 4262 587 4328 Ματθίου
607 4264 709 4351 vigor.
755 4260 892 4336 Chorus,
905 4284 1006 4347 quum
1020 4262 1150 4332 dixisset
1165 4292 1199 4334 se
1215 4275 1310 4359 ἰσχὺν

200 4363 343 4430 θσόποιθα
357 4361 458 4442 νέμειν
472 4364 522 4428 ἐπὶ
535 4363 704 4447 σκήπτροις,
719 4362 903 4428 seutentiam
917 4363 1073 4449 explicare
1092 4371 1199 4458 pergit
1219 4376 1309 4444 hunc

198 4464 232 4530 in
247 4463 547 4554 modum-Quippe
559 4467 735 4553 insontium
748 4465 847 4531 robur
860 4473 997 4532 aetram
1010 4469 1099 4553 ιιπῖο
1114 4477 1307 4564 metipsum,
