2984 5054
533 362 601 426 AD
626 362 897 428 SUPPLICES.
1202 358 1267 425 615

167 525 277 590 Nilum
302 528 428 615 congeri
453 530 494 594 ab
519 531 662 617 eliquatis
688 529 812 595 nivibus
837 529 869 593 in
897 528 1057 594 montibus
1081 528 1266 616 AEthiopiaa

166 629 257 715 cujus
270 629 307 694 fit
322 630 439 694 mentio
452 632 537 717 apud
555 631 754 697 Herodotum
774 650 804 710 a,
821 649 872 700 πα.
887 631 1064 696 Diodorum
1082 630 1222 696 Siculum
1239 651 1269 712 1,

165 733 219 815 38.
246 731 418 796 Aristidem
445 732 476 797 in
499 733 696 820 AEgyptiata,
723 749 755 799 et
780 734 887 821 plures
911 733 995 798 alios.
1042 736 1266 820 Anaxagoram

166 832 263 918 hujus
277 833 437 898 sententiae
454 850 611 899 auctorem
635 835 742 902 laudat
758 836 873 901 Attius
894 835 975 900 libro
996 837 1065 917 περὶ
1087 838 1268 917 φιλοσόφων

168 936 308 1014 ἱστορίας,
324 933 375 998 cui
390 935 579 1023 astipulatur
593 937 767 1026 discipulus
781 939 849 1025 ejus
864 937 895 1001 in
913 936 1056 1001 Helena:

341 1039 453 1102 Νείλου
467 1041 523 1117 μὶν
539 1041 603 1103 οἵδε
618 1040 849 1121 καλλιπάρθενοι
863 1040 930 1122 ῥοαὶ

341 1139 373 1206 dr
388 1141 454 1203 ἀντὶ
468 1142 532 1208 δίας
546 1141 677 1223 ψεκάδος
692 1143 842 1223 Αἰγύπτου
856 1140 948 1204 πέδον

339 1245 446 1320 λευκῆς
459 1245 596 1322 τακείσης
609 1245 712 1326 χιόνος
726 1243 859 1324 ὑγραίνει
873 1243 956 1324 γύας.

169 1341 297 1407 Lucret.
315 1345 346 1420 6,
364 1362 435 1428 755.
453 1345 572 1410 Statius
588 1345 693 1410 Theb.
707 1367 738 1427 4,
757 1360 828 1428 705.
853 1343 1022 1408 STANL.

211 1445 287 1530 ὅντ’]
304 1445 328 1510 τ’
345 1448 427 1511 Rob.
452 1446 512 1512 ἔνθ’
529 1449 632 1512 Turn.

210 1551 286 1633 561.
317 1552 381 1614 Pro
405 1553 481 1632 ύδορ
507 1551 540 1613 τδ
566 1552 681 1614 Νείλου
702 1562 829 1636 praestat
855 1547 959 1634 legere
983 1549 1059 1627 ὕδωρ
1085 1571 1118 1610 τε
1143 1546 1267 1619 Νείλου,

166 1673 260 1737 ριιαπι
286 1652 452 1737 planitiem
479 1654 595 1717 ίτιιίναί
618 1661 783 1716 ventorum
813 1653 864 1714 υἱσ
892 1659 921 1714 ct
946 1649 1020 1712 eri
1044 1669 1129 1735 aqua
1151 1647 1269 1711 morbis

166 1753 253 1816 ίιοιιιί
280 1758 443 1842 contigua.
489 1754 551 1833 Qui
581 1754 746 1819 articulum
776 1753 811 1817 τδ
838 1767 911 1816 ante
936 1753 1051 1814 Νείλου
1080 1748 1268 1812 servandum

168 1867 293 1939 putant,
309 1863 391 1938 τυφῶ
405 1859 495 1938 μένος
510 1855 552 1920 sie
567 1857 821 1943 interpretantur,
839 1870 874 1918 ut
890 1852 982 1916 Nilus
999 1851 1066 1937 ipse
1088 1853 1139 1915 via
1160 1849 1269 1937 typho·

167 1958 220 2018 nis
234 1957 419 2043 appelletur,
435 1959 468 2023 h.
483 1983 511 2024 e.
528 1959 557 2022 vi
574 1975 736 2023 ventorum
753 1956 927 2021 exundans.
954 1955 1054 2019 SCH.

214 2060 314 2125 νόσοις
337 2062 471 2146 ἄθικτον]
498 2063 586 2126 Laus
613 2060 677 2124 Nili
703 2084 723 2124 a
752 2059 941 2124 salubritate.
986 2058 1037 2121 De
1064 2054 1269 2120 foecunditate

168 2181 260 2244 aquae
281 2160 424 2225 Niloticae
445 2160 548 2226 locum
574 2162 735 2227 Strabonis
757 2163 881 2244 (15,1.)
899 2159 1102 2223 excitavimus
1123 2156 1163 2221 ad
1181 2158 1268 2220 Pers.

170 2283 198 2321 v.
225 2277 277 2343 32.
323 2261 481 2325 Referunt
510 2263 615 2326 itidem
647 2261 897 2348 Theophrastus,
928 2262 1045 2323 Seneca
1073 2276 1103 2322 et
1135 2256 1267 2334 Plinius,

170 2359 313 2424 mulieres
338 2384 421 2448 aqua
448 2363 568 2427 Niliaca
596 2363 675 2427 adeo
700 2360 862 2426 foecundas
891 2359 991 2435 reddi,
1016 2367 1054 2423 ut
1082 2381 1145 2422 uno
1173 2371 1268 2444 partu

169 2461 264 2524 foetus
295 2462 400 2549 plures
430 2463 597 2528 enitantur.
654 2463 743 2527 Idem
777 2462 816 2525 de
846 2460 945 2524 vaccis
971 2460 1133 2546 AEgyptiis
1163 2471 1268 2522 namet

170 2563 317 2628 AEliauus
336 2565 375 2628 de
394 2565 517 2630 animal.
534 2586 566 2650 3,
582 2585 633 2650 33.
650 2563 796 2640 subdens,
812 2563 935 2644 λέγεται
957 2564 989 2625 δὲ
1012 2564 1104 2629 αἴτιος
1123 2564 1140 2624 ὀ
1156 2566 1269 2627 Νεῖλος

170 2665 246 2729 εἶναι
261 2667 469 2732 εὐτεκνότατον
484 2667 624 2751 παρέχων
640 2669 727 2748 ὕδωρ.
771 2662 905 2728 Accedit
927 2663 1018 2726 etiam
1041 2663 1081 2725 ad
1105 2660 1268 2726 salubrita-

169 2782 230 2831 tem
261 2769 329 2854 ejus
354 2769 639 2845 demonstrandam,
665 2767 750 2855 quod
781 2789 845 2844 eos,
872 2765 927 2851 qui
952 2788 992 2828 ex
1015 2764 1083 2850 ipsa
1108 2762 1270 2842 bibissent,

168 2870 301 2957 pingues
326 2871 478 2936 redderet.
525 2872 715 2936 Plutarchus
738 2869 778 2934 de
805 2871 847 2932 Is.
874 2882 905 2931 et
928 2867 1009 2932 Osir.
1034 2869 1116 2930 ἀλλὰ
1140 2867 1271 2931 πιαίνειν

170 2978 253 3034 δοκεῖ
273 2976 320 3035 καί
341 2973 473 3052 μάλιστα
495 2974 701 3055 πολυσαρκίαν
720 2979 816 3036 ποιεῖν
833 2971 867 3034 τὸ
883 2976 1021 3034 Νειλῶον
1037 2972 1123 3050 ὕδωρ.
1169 2971 1270 3034 Porro

109 3063 111 3068 ¹
169 3073 261 3135 hodie
290 3074 320 3136 in
353 3073 509 3159 AEgyptia
538 3074 702 3161 metropoli
732 3073 825 3136 Caira
853 3070 892 3134 ad
925 3071 1058 3156 primum
1089 3070 1270 3135 incrementi

170 3172 283 3236 Niliaci
308 3188 499 3238 momentum
525 3175 657 3238 subsidit
679 3173 863 3260 pestilentia.
909 3173 1012 3235 Nemo
1034 3188 1101 3234 tum
1127 3171 1269 3250 moritur,

170 3273 240 3337 licet
253 3274 354 3360 pridie
368 3274 542 3361 quingenti.
567 3275 736 3338 STANL.

212 3378 286 3460 563.
311 3379 429 3442 ὀδύναις
454 3402 487 3440 τε
511 3376 754 3458 κεντροδαλήτσις
777 3373 1023 3456 (κεντροδαλήτης
1045 3370 1121 3434 Ald.
1145 3373 1267 3455 Turn.)

170 3477 249 3543 θείας
271 3476 370 3557 (θυΐας
384 3478 434 3540 Μ.
458 3477 574 3545 θνιάδος
596 3478 799 3541 Hermannus
820 3475 861 3539 de
883 3490 972 3539 metr.
997 3497 1028 3560 p.
1050 3476 1137 3557 234.)
1155 3471 1268 3559 Ἥρας]

170 3579 273 3641 Verba
286 3578 480 3665 interpolata.
513 3580 596 3642 Nam
614 3576 758 3664 AEschyli
774 3578 869 3641 verba
882 3591 1026 3640 accurate
1040 3574 1269 3660 responderunt

169 3677 271 3740 verbis
284 3679 316 3741 in
331 3678 526 3765 antistropha
541 3679 660 3765 positis.

210 3781 285 3863 565.
302 3780 436 3866 ἔννομοι]
454 3783 517 3844 Per
531 3781 678 3861 οἰκήτορες
692 3778 827 3866 explicat
843 3778 1014 3842 scholiasta.

210 3884 285 3964 566.
300 3887 407 3967 χλωρῷ
423 3881 551 3967 δείματι]
567 3886 807 3965 χλωριοδειμακτι
822 3883 872 3944 Μ.
888 3881 995 3965 χλωρῷ
1011 3881 1142 3959 δείμακτι
1158 3877 1267 3943 Guelf.

170 3982 247 4045 Ald.

211 4085 285 4167 568.
303 4085 480 4171 ἐσορῶντες]
497 4088 528 4152 ἐς
542 4088 668 4168 δρῶντες
683 4083 791 4149 Guelf.
807 4083 885 4148 Ald.

210 4202 285 4271 570.
300 4187 324 4249 δ’
341 4187 506 4272 ἐθάμβουν]
524 4190 557 4251 δὲ
573 4187 709 4267 θάμβουν
724 4185 803 4249 Ald.
819 4185 902 4249 Rob.

210 4305 284 4370 571.
300 4290 367 4351 τότε
383 4290 547 4352 Canterus.
570 4290 638 4351 τόδε
654 4286 734 4351 libri.

210 4403 285 4472 574.
312 4388 416 4473 κρέων]
439 4393 565 4471 κραίνων
591 4392 664 4452 Par.
688 4388 771 4453 Rob.
794 4410 833 4451 ex
857 4387 1052 4473 glossemate,
1075 4386 1161 4472 quod
1185 4384 1267 4450 inter

168 4488 285 4554 scholia
298 4488 424 4574 legitur.
