2984 5054
399 1052 969 1140 AGAMEMNON.

574 1317 797 1355 ...φ-

404 1522 445 1596 0.
460 1522 506 1597 G.
519 1522 698 1600 Schuetzit'
712 1525 971 1624 Prolepcmena.

136 1716 534 1802 Ausmsmuousu
557 1763 577 1804 a
598 1739 838 1826 Clytaemnestra
859 1739 990 1826 ejusque
1012 1737 1167 1815 adultero,
1187 1761 1238 1802 ea

136 1835 206 1901 dem
223 1836 274 1901 die
287 1861 353 1923 quo
366 1838 493 1903 redierit
506 1840 539 1903 in
551 1841 695 1928 patriam,
706 1840 842 1905 occisum
854 1863 929 1919 esse,
941 1841 1008 1927 jam
1018 1854 1091 1905 ante
1103 1839 1239 1928 AEscby·

137 1936 202 2002 lum
226 1941 387 2005 Homerus
408 1957 519 2006 auctor
540 1943 654 2009 fuerat.
700 1943 763 2008 Cui
785 1942 810 2006 si
832 1941 999 2021 eredimus,
1017 1944 1239 2030 Agamemnon

138 2062 268 2104 uxorem
293 2041 333 2105 ad
359 2041 476 2107 bellum
504 2045 680 2131 Trojanum
707 2043 904 2131 proficiscens
927 2044 1028 2131 probo
1055 2044 1180 2109 cuidam
1207 2059 1240 2110 et

138 2155 284 2227 spectatae
299 2143 372 2208 fidei
388 2144 465 2222 viro,
481 2145 573 2232 eique
595 2149 683 2233 ἀοιδῷ
704 2145 986 2225 commendaverat,
1001 2147 1093 2231 cujus
1115 2147 1240 2212 monitis

138 2267 200 2307 non
222 2247 333 2332 magis,
360 2270 455 2333 quam
482 2248 549 2335 ipsa
572 2248 667 2312 animi
690 2249 738 2312 sui
760 2247 875 2326 indole,
900 2261 1010 2334 utpote
1033 2270 1105 2334 quae
1128 2271 1240 2335 perse

138 2345 219 2411 bona
233 2363 324 2428 esset,
336 2348 579 2436 Clytaemnestra
593 2351 754 2415 sublevata
769 2350 825 2414 diu
837 2350 960 2415 fortiter
974 2349 1086 2415 restitit
1098 2350 1240 2436 AEgisthi

137 2449 283 2536 precibus
297 2450 337 2514 ad
353 2451 517 2538 indignum
530 2451 674 2516 adulterii
685 2452 807 2516 facinus
818 2474 885 2515 eam
898 2451 1101 2516 sollicitantis.
1125 2455 1240 2518 Postea

139 2573 212 2615 vero
228 2552 399 2638 AEgisthus
420 2553 514 2618 istum
538 2553 641 2618 ἀοιδὸν
663 2553 694 2617 in
716 2553 869 2617 desertam
892 2552 1025 2615 insulam
1049 2552 1238 2640 deportavit,

137 2676 237 2740 eoque
256 2654 314 2718 sibi
336 2655 377 2718 ad
399 2654 642 2742 expugnandam
664 2655 781 2741 regium
802 2652 984 2741 pudicitiam
1001 2654 1081 2718 viam
1105 2656 1241 2721 munivit

140 2756 265 2843 (Odyss.
286 2763 319 2837 Γ,
332 2760 399 2839 464
413 2761 495 2845 sqq.)
542 2759 644 2836 Quam
667 2779 738 2821 cum
761 2756 874 2820 deinde
897 2756 955 2821 sibi
976 2757 1161 2844 morigeram
1185 2759 1240 2823 ha-

136 2858 264 2936 buisset,
279 2859 442 2924 consilium
462 2859 545 2947 cepit
559 2858 819 2946 Agamemnonis,
834 2881 905 2922 cum
928 2859 1065 2946 primum
1087 2861 1238 2940 rediisset,

136 2960 254 3024 insidiis
268 2961 473 3026 interficiendi
492 2961 621 3050 (Odyss.
637 2969 675 3041 Δ,
692 2965 769 3044 91.).
817 2962 932 3047 Itaque
954 2960 1079 3026 duobus
1100 2963 1169 3027 auri
1191 2978 1237 3028 ta-

136 3061 226 3127 lentis
247 3063 400 3127 ccnduxit
422 3066 660 3152 speculatorem,
680 3063 736 3150 qui
759 3062 894 3126 reditum
913 3065 1162 3150 Agamemnonis
1183 3065 1239 3130 ob-
1344 3128 1351 3138 ,

137 3180 280 3229 servaret.
327 3167 361 3230 Is
376 3180 476 3230 totum
492 3166 558 3230 fere
579 3188 696 3229 armum
719 3163 867 3228 excubias
888 3188 993 3251 agens,
1009 3165 1238 3253 diligenterque

136 3291 175 3331 ne
190 3293 222 3333 se
243 3269 406 3356 effugeret,
422 3293 543 3349 cavens,
560 3268 698 3346 tandem,
715 3267 771 3332 ubi
792 3290 863 3331 eum
887 3269 998 3354 procul
1018 3268 1236 3334 advenientem

33 3416 37 3421 .
136 3385 346 3458 conspexerat,
360 3371 431 3436 ilico
446 3371 596 3459 AEgistho
612 3370 776 3434 nuntiavit.
822 3372 873 3434 Re
895 3384 1054 3456 comperta
1069 3371 1238 3456 AEgisthus

136 3472 246 3560 viginti
266 3474 411 3539 robustos
430 3473 570 3538 homines
590 3473 624 3536 iu
645 3470 764 3535 insidiis
785 3470 958 3549 constituit,
974 3494 1144 3558 regemque
1165 3496 1238 3537 con-

136 3574 219 3639 vivio
233 3589 399 3663 exceptum
414 3577 544 3641 adortus
563 3590 622 3640 est.
668 3576 846 3659 Pugnaque
862 3571 943 3636 inter
960 3572 1126 3658 utriusque
1140 3574 1238 3639 socios

135 3690 249 3756 coorta,
272 3691 304 3742 et
325 3680 547 3766 Agamemnon
571 3676 758 3754 trucidatur,
780 3691 812 3738 et
834 3673 907 3738 socii
929 3674 970 3738 ab
993 3685 1128 3760 utraque
1148 3690 1238 3762 parte

135 3779 253 3843 mutuis
274 3780 414 3845 cedibus
435 3781 645 3845 conficiuntur
670 3778 799 3866 (Odyss.
821 3783 859 3856 Ζ,
876 3793 937 3861 150
952 3779 1050 3863 sqq).
1098 3776 1237 3842 Tristem

134 3880 220 3945 bunc
235 3881 309 3946 vitae
323 3883 442 3948 exitum
459 3883 525 3970 ipse
540 3885 761 3969 Agamemnon
778 3879 886 3967 Ulyssi
901 3879 1045 3944 flebiliter
1064 3895 1180 3959 narrat,
1195 3881 1237 3945 ad

134 3983 305 4047 inferorum
322 3984 409 4049 sedes
424 3984 560 4072 delapso.
592 3985 633 4048 Se
647 3981 725 4045 nibil
741 3980 802 4046 tale
816 3981 1005 4068 opinantem,
1023 4005 1114 4046 suum
1131 3984 1237 4070 potius

133 4086 304 4151 adventum
320 4088 424 4152 liberis
440 4087 629 4172 famulisque
648 4099 774 4173 gratum
789 4085 856 4149 fore
878 4099 1065 4171 sperantem,
1080 4087 1237 4152 sceleratae

88 4229 92 4234 -
136 4188 242 4252 uxoris
255 4188 329 4253 dolo
343 4203 470 4277 captum
487 4204 582 4276 atque
596 4189 637 4253 ab
653 4187 803 4274 AEgistho
814 4186 855 4250 ad
870 4186 1010 4251 exitiales
1024 4189 1133 4274 epulas
1146 4211 1237 4253 voca-

135 4304 202 4354 tum
217 4291 324 4358 fuisse.
372 4292 423 4357 Ibi
439 4317 471 4357 se
486 4291 646 4378 sociosque
660 4290 742 4355 eirca
755 4304 904 4354 craterem
925 4313 1110 4377 mensasque
1128 4291 1237 4378 plenas

134 4392 306 4459 trucidatos
328 4395 508 4473 concidisse,
530 4395 697 4482 ipsumque
720 4392 944 4458 moribundum
965 4393 1033 4479 jam
1055 4394 1236 4479 frustraque

134 4516 246 4560 manus
260 4496 300 4560 ad
315 4496 457 4583 gladium
470 4496 681 4562 intendentem
704 4494 858 4559 audivisse
879 4493 1083 4558 miserabilem
1100 4495 1233 4559 Cassan·

669 4621 684 4660 S
701 4620 714 4660 S
731 4617 749 4665 2
