<?xml version="1.0" encoding="UTF-8"?>
<!DOCTYPE html PUBLIC "-//W3C//DTD XHTML 1.0 Transitional//EN"
    "http://www.w3.org/TR/xhtml1/DTD/xhtml1-transitional.dtd">
<html xmlns="http://www.w3.org/1999/xhtml" xml:lang="en" lang="en">
 <head>
  <title>
</title>
<meta http-equiv="Content-Type" content="text/html;charset=utf-8" />
  <meta name='ocr-system' content='tesseract 3.04.00' />
  <meta name='ocr-capabilities' content='ocr_page ocr_carea ocr_par ocr_line ocrx_word'/>
</head>
<body>
  <div class='ocr_page' id='page_1' title='image "./tragoediaesuper01aescgoog_0132.png"; bbox 0 0 2984 5054; ppageno 0'>
   <div class='ocr_carea' id='block_1_1' title="bbox 526 355 1283 420">
    <p class='ocr_par' dir='ltr' id='par_1_1' title="bbox 526 355 1283 420">
     <span class='ocr_line' id='line_1_1' title="bbox 526 355 1283 420; baseline -0.001 -2"><span class='ocrx_word' id='word_1_1' title='bbox 526 356 594 418; x_wconf 86' lang='lat' dir='ltr'>AD</span> <span class='ocrx_word' id='word_1_2' title='bbox 617 355 948 420; x_wconf 88' lang='lat' dir='ltr'><strong>CHOEPHORAS.</strong></span> <span class='ocrx_word' id='word_1_3' title='bbox 1226 357 1283 419; x_wconf 74' lang='lat'>451</span> 
     </span>
    </p>
   </div>
   <div class='ocr_carea' id='block_1_2' title="bbox 190 524 1288 613">
    <p class='ocr_par' dir='ltr' id='par_1_2' title="bbox 190 524 1288 613">
     <span class='ocr_line' id='line_1_2' title="bbox 190 524 1288 613; baseline -0.003 -22"><span class='ocrx_word' id='word_1_4' title='bbox 190 525 292 606; x_wconf 78' lang='grc' dir='ltr'>φίλαι,</span> <span class='ocrx_word' id='word_1_5' title='bbox 312 525 319 610; x_wconf 90' lang='grc' dir='ltr'>Ι</span> <span class='ocrx_word' id='word_1_6' title='bbox 338 526 439 604; x_wconf 80' lang='grc' dir='ltr'>θυμόν,</span> <span class='ocrx_word' id='word_1_7' title='bbox 465 524 523 590; x_wconf 74' lang='grc' dir='ltr'>οὐδ’</span> <span class='ocrx_word' id='word_1_8' title='bbox 546 527 596 590; x_wconf 70' lang='grc' dir='ltr'>ἐπὶ</span> <span class='ocrx_word' id='word_1_9' title='bbox 617 526 756 610; x_wconf 86' lang='grc' dir='ltr'>χρυσέοις</span> <span class='ocrx_word' id='word_1_10' title='bbox 774 525 782 613; x_wconf 91' lang='grc' dir='ltr'>Ι</span> <span class='ocrx_word' id='word_1_11' title='bbox 799 529 899 608; x_wconf 82' lang='grc' dir='ltr'>ὅρμοις</span> <span class='ocrx_word' id='word_1_12' title='bbox 921 528 1121 606; x_wconf 69' lang='grc' dir='ltr'>ἐκπεπόταμαι</span> <span class='ocrx_word' id='word_1_13' title='bbox 1139 525 1145 611; x_wconf 92' lang='grc' dir='ltr'>Ι</span> <span class='ocrx_word' id='word_1_14' title='bbox 1164 524 1288 590; x_wconf 78' lang='grc' dir='ltr'>τάλαιν’.</span> 
     </span>
    </p>
   </div>
   <div class='ocr_carea' id='block_1_3' title="bbox 190 624 1307 4481">
    <p class='ocr_par' dir='ltr' id='par_1_3' title="bbox 190 624 1292 1113">
     <span class='ocr_line' id='line_1_3' title="bbox 191 624 1292 715; baseline 0.001 -26"><span class='ocrx_word' id='word_1_15' title='bbox 191 624 307 690; x_wconf 81' lang='lat' dir='ltr'>Paullo</span> <span class='ocrx_word' id='word_1_16' title='bbox 327 625 417 690; x_wconf 86' lang='lat' dir='ltr'>aliter</span> <span class='ocrx_word' id='word_1_17' title='bbox 437 627 618 715; x_wconf 89' lang='lat' dir='ltr'>Xenophon</span> <span class='ocrx_word' id='word_1_18' title='bbox 643 629 728 693; x_wconf 89' lang='lat' dir='ltr'>Hist.</span> <span class='ocrx_word' id='word_1_19' title='bbox 748 630 808 693; x_wconf 86' lang='lat' dir='ltr'>Gr.</span> <span class='ocrx_word' id='word_1_20' title='bbox 829 648 862 712; x_wconf 86' lang='lat'>3,</span> <span class='ocrx_word' id='word_1_21' title='bbox 881 648 910 705; x_wconf 92' lang='lat'>1,</span> <span class='ocrx_word' id='word_1_22' title='bbox 931 649 980 710; x_wconf 82' lang='lat'>14</span> <span class='ocrx_word' id='word_1_23' title='bbox 1003 627 1116 692; x_wconf 88' lang='lat' dir='ltr'>citatus</span> <span class='ocrx_word' id='word_1_24' title='bbox 1137 649 1158 691; x_wconf 84' lang='lat' dir='ltr'>a</span> <span class='ocrx_word' id='word_1_25' title='bbox 1180 627 1292 690; x_wconf 86' lang='lat' dir='ltr'>Mark-</span> 
     </span>
     <span class='ocr_line' id='line_1_4' title="bbox 190 725 1292 815; baseline 0.002 -24"><span class='ocrx_word' id='word_1_26' title='bbox 190 725 287 793; x_wconf 79' lang='lat' dir='ltr'>lando</span> <span class='ocrx_word' id='word_1_27' title='bbox 300 727 342 792; x_wconf 79' lang='lat' dir='ltr'>ad</span> <span class='ocrx_word' id='word_1_28' title='bbox 358 729 470 815; x_wconf 87' lang='lat' dir='ltr'><strong>Suppl.</strong></span> <span class='ocrx_word' id='word_1_29' title='bbox 486 731 538 814; x_wconf 91' lang='lat'>89.</span> <span class='ocrx_word' id='word_1_30' title='bbox 556 732 690 802; x_wconf 81' lang='grc' dir='ltr'>Μειδίας,</span> <span class='ocrx_word' id='word_1_31' title='bbox 707 730 850 812; x_wconf 78' lang='grc' dir='ltr'>θυγατρὸς</span> <span class='ocrx_word' id='word_1_32' title='bbox 865 730 939 811; x_wconf 76' lang='grc' dir='ltr'>ἀνὴρ</span> <span class='ocrx_word' id='word_1_33' title='bbox 954 731 1041 809; x_wconf 73' lang='grc' dir='ltr'>αὐτῆς</span> <span class='ocrx_word' id='word_1_34' title='bbox 1056 730 1107 803; x_wconf 76' lang='grc' dir='ltr'>ὢν,</span> <span class='ocrx_word' id='word_1_35' title='bbox 1123 731 1292 811; x_wconf 87' lang='grc' dir='ltr'>άναπτερω-</span> 
     </span>
     <span class='ocr_line' id='line_1_5' title="bbox 191 827 1291 913; baseline 0.001 -21"><span class='ocrx_word' id='word_1_36' title='bbox 191 827 254 895; x_wconf 72' lang='grc' dir='ltr'>θείς</span> <span class='ocrx_word' id='word_1_37' title='bbox 274 828 334 891; x_wconf 83' lang='grc' dir='ltr'>ῦπά</span> <span class='ocrx_word' id='word_1_38' title='bbox 355 853 453 906; x_wconf 82' lang='grc' dir='ltr'>τινων,</span> <span class='ocrx_word' id='word_1_39' title='bbox 477 829 515 894; x_wconf 83' lang='grc' dir='ltr'>ῦς</span> <span class='ocrx_word' id='word_1_40' title='bbox 540 829 668 912; x_wconf 82' lang='grc' dir='ltr'>αίσχρὸν</span> <span class='ocrx_word' id='word_1_41' title='bbox 691 831 746 908; x_wconf 74' lang='grc' dir='ltr'>εἴη,</span> <span class='ocrx_word' id='word_1_42' title='bbox 772 835 897 910; x_wconf 80' lang='grc' dir='ltr'>γυναῖκα</span> <span class='ocrx_word' id='word_1_43' title='bbox 922 831 980 909; x_wconf 72' lang='grc' dir='ltr'>μὲν</span> <span class='ocrx_word' id='word_1_44' title='bbox 1006 832 1121 913; x_wconf 83' lang='grc' dir='ltr'>άρχειν,</span> <span class='ocrx_word' id='word_1_45' title='bbox 1150 828 1240 894; x_wconf 79' lang='grc' dir='ltr'>αὐτὸν</span> <span class='ocrx_word' id='word_1_46' title='bbox 1267 827 1291 893; x_wconf 84' lang='grc' dir='ltr'>δ’</span> 
     </span>
     <span class='ocr_line' id='line_1_6' title="bbox 190 928 1291 1018; baseline 0.001 -25"><span class='ocrx_word' id='word_1_47' title='bbox 190 928 309 1008; x_wconf 77' lang='grc' dir='ltr'>ίῦιιίτην</span> <span class='ocrx_word' id='word_1_48' title='bbox 329 928 416 993; x_wconf 72' lang='grc' dir='ltr'>εἶναι.</span> <span class='ocrx_word' id='word_1_49' title='bbox 461 929 556 994; x_wconf 82' lang='lat' dir='ltr'>Conf.</span> <span class='ocrx_word' id='word_1_50' title='bbox 574 930 734 995; x_wconf 86' lang='lat' dir='ltr'>Villoison.</span> <span class='ocrx_word' id='word_1_51' title='bbox 757 930 797 995; x_wconf 81' lang='lat' dir='ltr'>od</span> <span class='ocrx_word' id='word_1_52' title='bbox 823 931 970 1018; x_wconf 87' lang='lat' dir='ltr'>Longum</span> <span class='ocrx_word' id='word_1_53' title='bbox 994 955 1027 1018; x_wconf 92' lang='lat' dir='ltr'>p.</span> <span class='ocrx_word' id='word_1_54' title='bbox 1050 952 1103 1015; x_wconf 86' lang='lat'>91.</span> <span class='ocrx_word' id='word_1_55' title='bbox 1118 931 1202 994; x_wconf 81' lang='lat' dir='ltr'>infra</span> <span class='ocrx_word' id='word_1_56' title='bbox 1214 949 1291 1016; x_wconf 86' lang='lat'><strong>594.</strong></span> 
     </span>
     <span class='ocr_line' id='line_1_7' title="bbox 192 1030 739 1113; baseline -0.002 -19"><span class='ocrx_word' id='word_1_57' title='bbox 192 1030 358 1111; x_wconf 80' lang='grc' dir='ltr'>ῦπάατερος</span> <span class='ocrx_word' id='word_1_58' title='bbox 372 1033 540 1113; x_wconf 85' lang='grc' dir='ltr'>φροντίσιν.</span> <span class='ocrx_word' id='word_1_59' title='bbox 564 1033 739 1096; x_wconf 87' lang='lat' dir='ltr'><strong>BLOMF.</strong></span> 
     </span>
    </p>

    <p class='ocr_par' dir='ltr' id='par_1_4' title="bbox 240 1131 606 1219">
     <span class='ocr_line' id='line_1_8' title="bbox 240 1131 606 1219; baseline 0 -24"><span class='ocrx_word' id='word_1_60' title='bbox 240 1150 312 1218; x_wconf 84' lang='lat'>231.</span> <span class='ocrx_word' id='word_1_61' title='bbox 328 1131 407 1218; x_wconf 81' lang='grc' dir='ltr'>ίῦοῦ]</span> <span class='ocrx_word' id='word_1_62' title='bbox 424 1133 488 1196; x_wconf 84' lang='grc' dir='ltr'>ίδοῦ</span> <span class='ocrx_word' id='word_1_63' title='bbox 501 1132 606 1219; x_wconf 85' lang='lat' dir='ltr'>vulgo.</span> 
     </span>
    </p>

    <p class='ocr_par' dir='ltr' id='par_1_5' title="bbox 238 1233 550 1320">
     <span class='ocr_line' id='line_1_9' title="bbox 238 1233 550 1320; baseline -0.006 -22"><span class='ocrx_word' id='word_1_64' title='bbox 238 1233 342 1320; x_wconf 85' lang='grc' dir='ltr'>χερός]</span> <span class='ocrx_word' id='word_1_65' title='bbox 358 1237 457 1317; x_wconf 81' lang='grc' dir='ltr'>χειρός</span> <span class='ocrx_word' id='word_1_66' title='bbox 472 1233 550 1298; x_wconf 91' lang='lat' dir='ltr'>Ald.</span> 
     </span>
    </p>

    <p class='ocr_par' dir='ltr' id='par_1_6' title="bbox 196 1337 1297 1821">
     <span class='ocr_line' id='line_1_10' title="bbox 240 1337 1296 1425; baseline 0.003 -27"><span class='ocrx_word' id='word_1_67' title='bbox 240 1354 313 1422; x_wconf 83' lang='lat'>232.</span> <span class='ocrx_word' id='word_1_68' title='bbox 338 1339 380 1403; x_wconf 81' lang='grc' dir='ltr'>είς</span> <span class='ocrx_word' id='word_1_69' title='bbox 401 1338 434 1400; x_wconf 73' lang='grc' dir='ltr'>δέ</span> <span class='ocrx_word' id='word_1_70' title='bbox 456 1337 514 1401; x_wconf 86' lang='lat' dir='ltr'>etsi</span> <span class='ocrx_word' id='word_1_71' title='bbox 535 1337 664 1400; x_wconf 84' lang='lat' dir='ltr'>fortasse</span> <span class='ocrx_word' id='word_1_72' title='bbox 685 1337 729 1402; x_wconf 90' lang='lat' dir='ltr'>ita</span> <span class='ocrx_word' id='word_1_73' title='bbox 750 1337 897 1422; x_wconf 82' lang='lat' dir='ltr'>explicari</span> <span class='ocrx_word' id='word_1_74' title='bbox 920 1352 1022 1425; x_wconf 85' lang='lat' dir='ltr'>potest</span> <span class='ocrx_word' id='word_1_75' title='bbox 1045 1354 1081 1402; x_wconf 91' lang='lat' dir='ltr'>ut</span> <span class='ocrx_word' id='word_1_76' title='bbox 1103 1362 1162 1425; x_wconf 89' lang='lat' dir='ltr'>pro</span> <span class='ocrx_word' id='word_1_77' title='bbox 1184 1342 1296 1403; x_wconf 83' lang='grc' dir='ltr'>είσιῦοῦ</span> 
     </span>
     <span class='ocr_line' id='line_1_11' title="bbox 196 1438 1295 1527; baseline 0 -24"><span class='ocrx_word' id='word_1_78' title='bbox 196 1438 375 1524; x_wconf 76' lang='lat' dir='ltr'>accipiatur,</span> <span class='ocrx_word' id='word_1_79' title='bbox 398 1439 483 1526; x_wconf 91' lang='lat' dir='ltr'>quod</span> <span class='ocrx_word' id='word_1_80' title='bbox 511 1462 549 1503; x_wconf 89' lang='lat' dir='ltr'>ex</span> <span class='ocrx_word' id='word_1_81' title='bbox 576 1439 771 1526; x_wconf 77' lang='lat' dir='ltr'>pracedente</span> <span class='ocrx_word' id='word_1_82' title='bbox 798 1443 860 1504; x_wconf 87' lang='grc' dir='ltr'>ίδοῦ</span> <span class='ocrx_word' id='word_1_83' title='bbox 886 1440 925 1503; x_wconf 87' lang='lat' dir='ltr'>sit</span> <span class='ocrx_word' id='word_1_84' title='bbox 948 1439 1166 1527; x_wconf 87' lang='lat' dir='ltr'>repetendum,</span> <span class='ocrx_word' id='word_1_85' title='bbox 1192 1454 1295 1504; x_wconf 88' lang='lat' dir='ltr'>tamen</span> 
     </span>
     <span class='ocr_line' id='line_1_12' title="bbox 197 1539 1297 1628; baseline 0.001 -23"><span class='ocrx_word' id='word_1_86' title='bbox 197 1556 260 1605; x_wconf 84' lang='lat' dir='ltr'>tam</span> <span class='ocrx_word' id='word_1_87' title='bbox 275 1539 354 1604; x_wconf 87' lang='lat' dir='ltr'>mira</span> <span class='ocrx_word' id='word_1_88' title='bbox 368 1554 400 1603; x_wconf 87' lang='lat' dir='ltr'>et</span> <span class='ocrx_word' id='word_1_89' title='bbox 413 1540 536 1605; x_wconf 80' lang='lat' dir='ltr'>insolita</span> <span class='ocrx_word' id='word_1_90' title='bbox 548 1540 614 1605; x_wconf 80' lang='lat' dir='ltr'>haec</span> <span class='ocrx_word' id='word_1_91' title='bbox 628 1541 706 1605; x_wconf 87' lang='lat' dir='ltr'>ratio</span> <span class='ocrx_word' id='word_1_92' title='bbox 719 1557 765 1606; x_wconf 90' lang='lat' dir='ltr'>est</span> <span class='ocrx_word' id='word_1_93' title='bbox 780 1540 929 1626; x_wconf 85' lang='lat' dir='ltr'>loquendi</span> <span class='ocrx_word' id='word_1_94' title='bbox 946 1557 981 1605; x_wconf 86' lang='lat' dir='ltr'>ut</span> <span class='ocrx_word' id='word_1_95' title='bbox 997 1541 1088 1628; x_wconf 83' lang='lat' dir='ltr'>longe</span> <span class='ocrx_word' id='word_1_96' title='bbox 1102 1541 1297 1627; x_wconf 80' lang='lat' dir='ltr'>probabilius</span> 
     </span>
     <span class='ocr_line' id='line_1_13' title="bbox 196 1640 1297 1729; baseline 0.002 -25"><span class='ocrx_word' id='word_1_97' title='bbox 196 1640 341 1705; x_wconf 85' lang='lat' dir='ltr'>videatur</span> <span class='ocrx_word' id='word_1_98' title='bbox 355 1641 417 1720; x_wconf 71' lang='grc' dir='ltr'>ἠδὲ,</span> <span class='ocrx_word' id='word_1_99' title='bbox 432 1642 518 1728; x_wconf 90' lang='lat' dir='ltr'>quod</span> <span class='ocrx_word' id='word_1_100' title='bbox 541 1643 644 1706; x_wconf 83' lang='lat' dir='ltr'>Turn.</span> <span class='ocrx_word' id='word_1_101' title='bbox 667 1642 776 1722; x_wconf 86' lang='lat' dir='ltr'>edidit,</span> <span class='ocrx_word' id='word_1_102' title='bbox 799 1665 837 1705; x_wconf 85' lang='lat' dir='ltr'>ex</span> <span class='ocrx_word' id='word_1_103' title='bbox 860 1645 1037 1729; x_wconf 82' lang='lat' dir='ltr'>conjectura</span> <span class='ocrx_word' id='word_1_104' title='bbox 1060 1641 1188 1728; x_wconf 86' lang='lat' dir='ltr'>quidem</span> <span class='ocrx_word' id='word_1_105' title='bbox 1211 1642 1297 1706; x_wconf 85' lang='lat' dir='ltr'>haud</span> 
     </span>
     <span class='ocr_line' id='line_1_14' title="bbox 197 1742 594 1821; baseline 0.003 -14"><span class='ocrx_word' id='word_1_106' title='bbox 197 1742 305 1821; x_wconf 84' lang='lat' dir='ltr'>dubie,</span> <span class='ocrx_word' id='word_1_107' title='bbox 320 1743 374 1807; x_wconf 81' lang='lat' dir='ltr'>sed</span> <span class='ocrx_word' id='word_1_108' title='bbox 389 1766 426 1806; x_wconf 86' lang='lat' dir='ltr'>ea</span> <span class='ocrx_word' id='word_1_109' title='bbox 439 1742 594 1808; x_wconf 84' lang='lat' dir='ltr'>facillima.</span> 
     </span>
    </p>

    <p class='ocr_par' dir='ltr' id='par_1_7' title="bbox 197 1845 1299 2133">
     <span class='ocr_line' id='line_1_15' title="bbox 242 1845 1299 1934; baseline 0 -25"><span class='ocrx_word' id='word_1_110' title='bbox 242 1847 350 1927; x_wconf 87' lang='grc' dir='ltr'>θηρίων</span> <span class='ocrx_word' id='word_1_111' title='bbox 363 1845 454 1909; x_wconf 89' lang='lat' dir='ltr'>lectio</span> <span class='ocrx_word' id='word_1_112' title='bbox 467 1845 589 1910; x_wconf 88' lang='lat' dir='ltr'>indocte</span> <span class='ocrx_word' id='word_1_113' title='bbox 610 1845 814 1934; x_wconf 86' lang='lat' dir='ltr'>interpolata:</span> <span class='ocrx_word' id='word_1_114' title='bbox 838 1869 909 1909; x_wconf 87' lang='lat' dir='ltr'>nam</span> <span class='ocrx_word' id='word_1_115' title='bbox 930 1848 1031 1927; x_wconf 90' lang='grc' dir='ltr'>θηρίον</span> <span class='ocrx_word' id='word_1_116' title='bbox 1047 1845 1233 1911; x_wconf 79' lang='lat' dir='ltr'>vocabulum</span> <span class='ocrx_word' id='word_1_117' title='bbox 1252 1861 1299 1909; x_wconf 85' lang='lat' dir='ltr'>est</span> 
     </span>
     <span class='ocr_line' id='line_1_16' title="bbox 197 1947 1297 2035; baseline 0 -24"><span class='ocrx_word' id='word_1_118' title='bbox 197 1969 261 2011; x_wconf 89' lang='lat' dir='ltr'>non</span> <span class='ocrx_word' id='word_1_119' title='bbox 277 1948 440 2035; x_wconf 81' lang='lat' dir='ltr'>tragicum.</span> <span class='ocrx_word' id='word_1_120' title='bbox 463 1953 565 2028; x_wconf 90' lang='grc' dir='ltr'>θηρίον</span> <span class='ocrx_word' id='word_1_121' title='bbox 581 1950 628 2012; x_wconf 88' lang='grc' dir='ltr'>Μ.</span> <span class='ocrx_word' id='word_1_122' title='bbox 641 1963 673 2013; x_wconf 89' lang='lat' dir='ltr'>et</span> <span class='ocrx_word' id='word_1_123' title='bbox 683 1947 782 2012; x_wconf 86' lang='lat' dir='ltr'>codex</span> <span class='ocrx_word' id='word_1_124' title='bbox 799 1947 983 2024; x_wconf 85' lang='lat' dir='ltr'>Robortelli,</span> <span class='ocrx_word' id='word_1_125' title='bbox 999 1948 1082 2013; x_wconf 88' lang='lat' dir='ltr'>unde</span> <span class='ocrx_word' id='word_1_126' title='bbox 1096 1950 1196 2031; x_wconf 79' lang='grc' dir='ltr'>θηρίου</span> <span class='ocrx_word' id='word_1_127' title='bbox 1213 1948 1297 2013; x_wconf 87' lang='lat' dir='ltr'>Rob.</span> 
     </span>
     <span class='ocr_line' id='line_1_17' title="bbox 201 2049 552 2133; baseline 0 -18"><span class='ocrx_word' id='word_1_128' title='bbox 201 2049 406 2116; x_wconf 81' lang='lat' dir='ltr'>scribendum</span> <span class='ocrx_word' id='word_1_129' title='bbox 423 2051 552 2133; x_wconf 81' lang='grc' dir='ltr'>θήρειον.</span> 
     </span>
    </p>

    <p class='ocr_par' dir='ltr' id='par_1_8' title="bbox 244 2152 1277 2238">
     <span class='ocr_line' id='line_1_18' title="bbox 244 2152 1277 2238; baseline 0 -22"><span class='ocrx_word' id='word_1_130' title='bbox 244 2171 315 2237; x_wconf 80' lang='lat'><strong>233.</strong></span> <span class='ocrx_word' id='word_1_131' title='bbox 330 2159 421 2234; x_wconf 90' lang='grc' dir='ltr'>γενοῦ</span> <span class='ocrx_word' id='word_1_132' title='bbox 437 2152 520 2217; x_wconf 82' lang='lat' dir='ltr'>Rob.</span> <span class='ocrx_word' id='word_1_133' title='bbox 544 2153 633 2235; x_wconf 90' lang='grc' dir='ltr'>γένου</span> <span class='ocrx_word' id='word_1_134' title='bbox 650 2152 760 2238; x_wconf 80' lang='lat' dir='ltr'><strong>steph.</strong></span> <span class='ocrx_word' id='word_1_135' title='bbox 782 2159 873 2232; x_wconf 87' lang='grc' dir='ltr'>μενοῦ</span> <span class='ocrx_word' id='word_1_136' title='bbox 890 2153 997 2218; x_wconf 81' lang='lat' dir='ltr'><strong>Guels.</strong></span> <span class='ocrx_word' id='word_1_137' title='bbox 1013 2153 1090 2217; x_wconf 82' lang='grc' dir='ltr'>ΑΜ.</span> <span class='ocrx_word' id='word_1_138' title='bbox 1111 2156 1168 2233; x_wconf 74' lang='grc' dir='ltr'>μὲν</span> <span class='ocrx_word' id='word_1_139' title='bbox 1182 2152 1217 2218; x_wconf 86' lang='grc' dir='ltr'>οῦ</span> <span class='ocrx_word' id='word_1_140' title='bbox 1233 2155 1277 2216; x_wconf 86' lang='grc' dir='ltr'>Τ.</span> 
     </span>
    </p>

    <p class='ocr_par' dir='ltr' id='par_1_9' title="bbox 241 2253 1222 2340">
     <span class='ocr_line' id='line_1_19' title="bbox 241 2253 1222 2340; baseline -0.001 -21"><span class='ocrx_word' id='word_1_141' title='bbox 241 2254 281 2334; x_wconf 70' lang='grc' dir='ltr'>μὴ</span> <span class='ocrx_word' id='word_1_142' title='bbox 294 2253 452 2340; x_wconf 74' lang='grc' dir='ltr'>’κπλαγῖηςΙ</span> <span class='ocrx_word' id='word_1_143' title='bbox 468 2259 637 2337; x_wconf 81' lang='grc' dir='ltr'>μῆκπλαγιῆ</span> <span class='ocrx_word' id='word_1_144' title='bbox 654 2256 703 2316; x_wconf 92' lang='grc' dir='ltr'>Μ.</span> <span class='ocrx_word' id='word_1_145' title='bbox 719 2253 829 2318; x_wconf 82' lang='lat' dir='ltr'><strong>Guelf.</strong></span> <span class='ocrx_word' id='word_1_146' title='bbox 846 2253 922 2317; x_wconf 86' lang='grc' dir='ltr'>ΑΜ.</span> <span class='ocrx_word' id='word_1_147' title='bbox 945 2255 1120 2335; x_wconf 83' lang='grc' dir='ltr'>μήκπλαγιῦ</span> <span class='ocrx_word' id='word_1_148' title='bbox 1137 2255 1222 2318; x_wconf 83' lang='lat' dir='ltr'>Rob.</span> 
     </span>
    </p>

    <p class='ocr_par' dir='ltr' id='par_1_10' title="bbox 246 2355 857 2441">
     <span class='ocr_line' id='line_1_20' title="bbox 246 2355 857 2441; baseline -0.002 -23"><span class='ocrx_word' id='word_1_149' title='bbox 246 2359 318 2441; x_wconf 81' lang='lat'><strong>236.</strong></span> <span class='ocrx_word' id='word_1_150' title='bbox 334 2357 489 2441; x_wconf 82' lang='grc' dir='ltr'>σωτηρίου]</span> <span class='ocrx_word' id='word_1_151' title='bbox 505 2356 647 2436; x_wconf 83' lang='grc' dir='ltr'>σωτήριος</span> <span class='ocrx_word' id='word_1_152' title='bbox 663 2355 857 2420; x_wconf 81' lang='lat' dir='ltr'>Schuetzius.</span> 
     </span>
    </p>

    <p class='ocr_par' dir='ltr' id='par_1_11' title="bbox 247 2457 772 2544">
     <span class='ocr_line' id='line_1_21' title="bbox 247 2457 772 2544; baseline -0.004 -22"><span class='ocrx_word' id='word_1_153' title='bbox 247 2477 318 2544; x_wconf 82' lang='lat'><strong>237.</strong></span> <span class='ocrx_word' id='word_1_154' title='bbox 335 2457 510 2543; x_wconf 80' lang='grc' dir='ltr'>άνακτήσει]</span> <span class='ocrx_word' id='word_1_155' title='bbox 526 2459 676 2544; x_wconf 78' lang='grc' dir='ltr'>ἀνακτήσῃ</span> <span class='ocrx_word' id='word_1_156' title='bbox 692 2458 772 2521; x_wconf 80' lang='lat' dir='ltr'>libri.</span> 
     </span>
    </p>

    <p class='ocr_par' dir='ltr' id='par_1_12' title="bbox 202 2557 1298 2746">
     <span class='ocr_line' id='line_1_22' title="bbox 246 2557 1298 2645; baseline -0.003 -21"><span class='ocrx_word' id='word_1_157' title='bbox 246 2562 317 2644; x_wconf 80' lang='grc'><strong>238.</strong></span> <span class='ocrx_word' id='word_1_158' title='bbox 350 2561 442 2645; x_wconf 82' lang='grc' dir='ltr'>ὄμμα]</span> <span class='ocrx_word' id='word_1_159' title='bbox 473 2561 679 2624; x_wconf 86' lang='lat' dir='ltr'>Scribcndum</span> <span class='ocrx_word' id='word_1_160' title='bbox 709 2562 803 2638; x_wconf 78' lang='grc' dir='ltr'>ὄνομα</span> <span class='ocrx_word' id='word_1_161' title='bbox 832 2580 905 2621; x_wconf 89' lang='lat' dir='ltr'>cum</span> <span class='ocrx_word' id='word_1_162' title='bbox 936 2557 1081 2621; x_wconf 80' lang='lat' dir='ltr'>Valckcn.</span> <span class='ocrx_word' id='word_1_163' title='bbox 1113 2558 1153 2621; x_wconf 86' lang='lat' dir='ltr'>ad</span> <span class='ocrx_word' id='word_1_164' title='bbox 1184 2557 1298 2644; x_wconf 86' lang='lat' dir='ltr'>Eurip.</span> 
     </span>
     <span class='ocr_line' id='line_1_23' title="bbox 202 2661 408 2746; baseline -0.015 -19"><span class='ocrx_word' id='word_1_165' title='bbox 202 2661 316 2727; x_wconf 86' lang='lat' dir='ltr'><strong>Phoen.</strong></span> <span class='ocrx_word' id='word_1_166' title='bbox 331 2678 408 2746; x_wconf 85' lang='lat'>415.</span> 
     </span>
    </p>

    <p class='ocr_par' dir='ltr' id='par_1_13' title="bbox 246 2762 854 2848">
     <span class='ocr_line' id='line_1_24' title="bbox 246 2762 854 2848; baseline -0.008 -19"><span class='ocrx_word' id='word_1_167' title='bbox 246 2782 317 2845; x_wconf 84' lang='lat'><strong>240.</strong></span> <span class='ocrx_word' id='word_1_168' title='bbox 333 2763 459 2847; x_wconf 89' lang='grc' dir='ltr'>πατέρα]</span> <span class='ocrx_word' id='word_1_169' title='bbox 477 2763 603 2844; x_wconf 86' lang='grc' dir='ltr'>πατέρος</span> <span class='ocrx_word' id='word_1_170' title='bbox 619 2765 723 2826; x_wconf 84' lang='lat' dir='ltr'>Turn.</span> <span class='ocrx_word' id='word_1_171' title='bbox 742 2762 854 2848; x_wconf 84' lang='lat' dir='ltr'><strong>Steph.</strong></span> 
     </span>
    </p>

    <p class='ocr_par' dir='ltr' id='par_1_14' title="bbox 245 2866 744 2953">
     <span class='ocr_line' id='line_1_25' title="bbox 245 2866 744 2953; baseline -0.004 -23"><span class='ocrx_word' id='word_1_172' title='bbox 245 2869 277 2934; x_wconf 85' lang='grc' dir='ltr'>ές</span> <span class='ocrx_word' id='word_1_173' title='bbox 290 2867 329 2931; x_wconf 88' lang='grc' dir='ltr'>σέ</span> <span class='ocrx_word' id='word_1_174' title='bbox 341 2866 403 2951; x_wconf 91' lang='grc' dir='ltr'>μοι]</span> <span class='ocrx_word' id='word_1_175' title='bbox 419 2868 522 2946; x_wconf 85' lang='grc' dir='ltr'>έπεμοὶ</span> <span class='ocrx_word' id='word_1_176' title='bbox 538 2867 587 2930; x_wconf 92' lang='grc' dir='ltr'>Μ.</span> <span class='ocrx_word' id='word_1_177' title='bbox 604 2890 623 2929; x_wconf 90' lang='lat' dir='ltr'>a</span> <span class='ocrx_word' id='word_1_178' title='bbox 639 2888 678 2929; x_wconf 89' lang='lat' dir='ltr'>m.</span> <span class='ocrx_word' id='word_1_179' title='bbox 695 2888 744 2953; x_wconf 82' lang='lat' dir='ltr'>pr.</span> 
     </span>
    </p>

    <p class='ocr_par' dir='ltr' id='par_1_15' title="bbox 247 2966 928 3052">
     <span class='ocr_line' id='line_1_26' title="bbox 247 2966 928 3052; baseline -0.006 -20"><span class='ocrx_word' id='word_1_180' title='bbox 247 2988 319 3047; x_wconf 85' lang='lat'>244.</span> <span class='ocrx_word' id='word_1_181' title='bbox 333 2968 439 3052; x_wconf 84' lang='grc' dir='ltr'>μόνον]</span> <span class='ocrx_word' id='word_1_182' title='bbox 453 2971 543 3048; x_wconf 88' lang='grc' dir='ltr'>μόνος</span> <span class='ocrx_word' id='word_1_183' title='bbox 560 2968 608 3030; x_wconf 93' lang='grc' dir='ltr'>Μ.</span> <span class='ocrx_word' id='word_1_184' title='bbox 626 2966 734 3031; x_wconf 84' lang='lat' dir='ltr'><strong>Guelf.</strong></span> <span class='ocrx_word' id='word_1_185' title='bbox 751 2967 827 3031; x_wconf 89' lang='lat' dir='ltr'>Ald.</span> <span class='ocrx_word' id='word_1_186' title='bbox 845 2968 928 3031; x_wconf 88' lang='lat' dir='ltr'>Rob.</span> 
     </span>
    </p>

    <p class='ocr_par' dir='ltr' id='par_1_16' title="bbox 202 3068 1301 3234">
     <span class='ocr_line' id='line_1_27' title="bbox 244 3068 1301 3156; baseline -0.001 -23"><span class='ocrx_word' id='word_1_187' title='bbox 244 3072 314 3154; x_wconf 80' lang='grc' dir='ltr'>σῦν]</span> <span class='ocrx_word' id='word_1_188' title='bbox 336 3069 433 3132; x_wconf 86' lang='lat' dir='ltr'>Scrib.</span> <span class='ocrx_word' id='word_1_189' title='bbox 450 3070 512 3147; x_wconf 79' lang='grc' dir='ltr'>ξύν.</span> <span class='ocrx_word' id='word_1_190' title='bbox 559 3071 656 3132; x_wconf 88' lang='lat' dir='ltr'>Hunc</span> <span class='ocrx_word' id='word_1_191' title='bbox 678 3087 709 3132; x_wconf 86' lang='lat' dir='ltr'>et</span> <span class='ocrx_word' id='word_1_192' title='bbox 733 3069 909 3156; x_wconf 85' lang='lat' dir='ltr'>proximum</span> <span class='ocrx_word' id='word_1_193' title='bbox 926 3091 1050 3132; x_wconf 83' lang='lat' dir='ltr'>versum</span> <span class='ocrx_word' id='word_1_194' title='bbox 1067 3068 1169 3132; x_wconf 78' lang='lat' dir='ltr'>Oresti</span> <span class='ocrx_word' id='word_1_195' title='bbox 1191 3068 1301 3132; x_wconf 84' lang='lat' dir='ltr'>tribuit</span> 
     </span>
     <span class='ocr_line' id='line_1_28' title="bbox 202 3173 307 3234; baseline -0.019 0"><span class='ocrx_word' id='word_1_196' title='bbox 202 3173 307 3234; x_wconf 86' lang='lat' dir='ltr'><strong>Turn.</strong></span> 
     </span>
    </p>

    <p class='ocr_par' dir='ltr' id='par_1_17' title="bbox 247 3271 937 3354">
     <span class='ocr_line' id='line_1_29' title="bbox 247 3271 937 3354; baseline -0.006 -15"><span class='ocrx_word' id='word_1_197' title='bbox 247 3274 320 3354; x_wconf 82' lang='lat'>246.</span> <span class='ocrx_word' id='word_1_198' title='bbox 336 3273 472 3335; x_wconf 84' lang='lat' dir='ltr'>Electrae</span> <span class='ocrx_word' id='word_1_199' title='bbox 486 3271 544 3336; x_wconf 89' lang='lat' dir='ltr'>hos</span> <span class='ocrx_word' id='word_1_200' title='bbox 558 3295 666 3335; x_wconf 80' lang='lat' dir='ltr'>versus</span> <span class='ocrx_word' id='word_1_201' title='bbox 681 3273 842 3336; x_wconf 87' lang='lat' dir='ltr'>continuat</span> <span class='ocrx_word' id='word_1_202' title='bbox 858 3271 937 3335; x_wconf 82' lang='lat' dir='ltr'>Ald.</span> 
     </span>
    </p>

    <p class='ocr_par' dir='ltr' id='par_1_18' title="bbox 245 3372 920 3459">
     <span class='ocr_line' id='line_1_30' title="bbox 245 3372 920 3459; baseline 0 -23"><span class='ocrx_word' id='word_1_203' title='bbox 245 3372 440 3459; x_wconf 73' lang='grc' dir='ltr'>πραγμάτων]</span> <span class='ocrx_word' id='word_1_204' title='bbox 457 3374 635 3456; x_wconf 78' lang='grc' dir='ltr'>πρηγμάτων</span> <span class='ocrx_word' id='word_1_205' title='bbox 652 3376 701 3437; x_wconf 90' lang='grc' dir='ltr'>Μ.</span> <span class='ocrx_word' id='word_1_206' title='bbox 718 3372 825 3438; x_wconf 84' lang='lat' dir='ltr'><strong>Guelf.</strong></span> <span class='ocrx_word' id='word_1_207' title='bbox 842 3373 920 3436; x_wconf 84' lang='lat' dir='ltr'>Ald.</span> 
     </span>
    </p>

    <p class='ocr_par' dir='ltr' id='par_1_19' title="bbox 248 3475 802 3562">
     <span class='ocr_line' id='line_1_31' title="bbox 248 3475 802 3562; baseline -0.005 -22"><span class='ocrx_word' id='word_1_208' title='bbox 248 3493 321 3560; x_wconf 82' lang='lat'>247.</span> <span class='ocrx_word' id='word_1_209' title='bbox 337 3475 415 3562; x_wconf 74' lang='grc' dir='ltr'>ἰδοῦ]</span> <span class='ocrx_word' id='word_1_210' title='bbox 433 3476 497 3540; x_wconf 83' lang='grc' dir='ltr'>ίδὸν</span> <span class='ocrx_word' id='word_1_211' title='bbox 511 3475 590 3539; x_wconf 84' lang='grc' dir='ltr'>ΑΜ.</span> <span class='ocrx_word' id='word_1_212' title='bbox 614 3479 684 3541; x_wconf 78' lang='grc' dir='ltr'>ἰδὼν</span> <span class='ocrx_word' id='word_1_213' title='bbox 699 3478 802 3539; x_wconf 84' lang='lat' dir='ltr'><strong>Turn.</strong></span> 
     </span>
    </p>

    <p class='ocr_par' dir='ltr' id='par_1_20' title="bbox 203 3573 1304 3763">
     <span class='ocr_line' id='line_1_32' title="bbox 248 3573 1304 3660; baseline -0.006 -17"><span class='ocrx_word' id='word_1_214' title='bbox 248 3579 359 3660; x_wconf 89' lang='grc' dir='ltr'>γένναν</span> <span class='ocrx_word' id='word_1_215' title='bbox 381 3580 462 3643; x_wconf 81' lang='grc' dir='ltr'>εῦνιν</span> <span class='ocrx_word' id='word_1_216' title='bbox 483 3582 582 3643; x_wconf 86' lang='grc' dir='ltr'>αίετοῦ</span> <span class='ocrx_word' id='word_1_217' title='bbox 604 3580 709 3641; x_wconf 82' lang='lat' dir='ltr'><strong>Turn.</strong></span> <span class='ocrx_word' id='word_1_218' title='bbox 732 3577 825 3659; x_wconf 88' lang='grc' dir='ltr'>γέννα</span> <span class='ocrx_word' id='word_1_219' title='bbox 840 3601 887 3640; x_wconf 91' lang='grc' dir='ltr'>νιν</span> <span class='ocrx_word' id='word_1_220' title='bbox 902 3578 1000 3639; x_wconf 80' lang='grc' dir='ltr'>αἰετοῦ</span> <span class='ocrx_word' id='word_1_221' title='bbox 1017 3574 1066 3635; x_wconf 88' lang='grc' dir='ltr'>Μ.</span> <span class='ocrx_word' id='word_1_222' title='bbox 1094 3573 1187 3654; x_wconf 92' lang='grc' dir='ltr'>γέννα</span> <span class='ocrx_word' id='word_1_223' title='bbox 1210 3578 1304 3637; x_wconf 88' lang='grc' dir='ltr'>νινοῖε</span> 
     </span>
     <span class='ocr_line' id='line_1_33' title="bbox 203 3678 873 3763; baseline -0.003 -20"><span class='ocrx_word' id='word_1_224' title='bbox 203 3685 255 3743; x_wconf 91' lang='grc' dir='ltr'>τοῦ</span> <span class='ocrx_word' id='word_1_225' title='bbox 271 3681 380 3744; x_wconf 85' lang='lat' dir='ltr'><strong>Guelf.</strong></span> <span class='ocrx_word' id='word_1_226' title='bbox 397 3680 474 3745; x_wconf 83' lang='grc' dir='ltr'>ΑΜ.</span> <span class='ocrx_word' id='word_1_227' title='bbox 497 3680 591 3763; x_wconf 89' lang='grc' dir='ltr'>γέννα</span> <span class='ocrx_word' id='word_1_228' title='bbox 606 3684 659 3744; x_wconf 85' lang='grc' dir='ltr'>νῦν</span> <span class='ocrx_word' id='word_1_229' title='bbox 674 3682 773 3743; x_wconf 72' lang='grc' dir='ltr'>αἰετοῦ</span> <span class='ocrx_word' id='word_1_230' title='bbox 789 3678 873 3742; x_wconf 86' lang='lat' dir='ltr'>Rob.</span> 
     </span>
    </p>

    <p class='ocr_par' dir='ltr' id='par_1_21' title="bbox 247 3776 1066 3868">
     <span class='ocr_line' id='line_1_34' title="bbox 247 3776 1066 3868; baseline -0.007 -22"><span class='ocrx_word' id='word_1_231' title='bbox 247 3783 358 3868; x_wconf 83' lang='grc' dir='ltr'>οίετοῦ]</span> <span class='ocrx_word' id='word_1_232' title='bbox 376 3782 473 3847; x_wconf 89' lang='lat' dir='ltr'>Scrib.</span> <span class='ocrx_word' id='word_1_233' title='bbox 490 3784 578 3846; x_wconf 87' lang='grc' dir='ltr'>άετοῦ</span> <span class='ocrx_word' id='word_1_234' title='bbox 592 3804 664 3846; x_wconf 87' lang='lat' dir='ltr'>cum</span> <span class='ocrx_word' id='word_1_235' title='bbox 682 3783 823 3844; x_wconf 84' lang='lat' dir='ltr'>Porsono</span> <span class='ocrx_word' id='word_1_236' title='bbox 837 3779 887 3843; x_wconf 88' lang='lat' dir='ltr'>hic</span> <span class='ocrx_word' id='word_1_237' title='bbox 902 3794 934 3842; x_wconf 89' lang='lat' dir='ltr'>et</span> <span class='ocrx_word' id='word_1_238' title='bbox 948 3800 978 3841; x_wconf 86' lang='lat' dir='ltr'>v.</span> <span class='ocrx_word' id='word_1_239' title='bbox 993 3776 1066 3861; x_wconf 83' lang='lat'><strong>258.</strong></span> 
     </span>
    </p>

    <p class='ocr_par' dir='ltr' id='par_1_22' title="bbox 248 3881 898 3968">
     <span class='ocr_line' id='line_1_35' title="bbox 248 3881 898 3968; baseline -0.006 -19"><span class='ocrx_word' id='word_1_240' title='bbox 248 3886 320 3964; x_wconf 79' lang='grc'><strong>248.</strong></span> <span class='ocrx_word' id='word_1_241' title='bbox 336 3883 530 3968; x_wconf 85' lang='grc' dir='ltr'>σπειράμασι]</span> <span class='ocrx_word' id='word_1_242' title='bbox 544 3882 730 3965; x_wconf 87' lang='grc' dir='ltr'>σπιράμασιν</span> <span class='ocrx_word' id='word_1_243' title='bbox 746 3883 795 3947; x_wconf 93' lang='grc' dir='ltr'>Μ.</span> <span class='ocrx_word' id='word_1_244' title='bbox 813 3881 898 3946; x_wconf 85' lang='lat' dir='ltr'>Rob.</span> 
     </span>
    </p>

    <p class='ocr_par' dir='ltr' id='par_1_23' title="bbox 205 3978 1304 4154">
     <span class='ocr_line' id='line_1_36' title="bbox 249 3978 1304 4072; baseline -0.012 -17"><span class='ocrx_word' id='word_1_245' title='bbox 249 4007 322 4072; x_wconf 79' lang='lat'><strong>250.</strong></span> <span class='ocrx_word' id='word_1_246' title='bbox 344 3985 480 4071; x_wconf 82' lang='grc' dir='ltr'>ἐντελής]</span> <span class='ocrx_word' id='word_1_247' title='bbox 497 3989 629 4053; x_wconf 76' lang='grc' dir='ltr'>ἐντελεῖς</span> <span class='ocrx_word' id='word_1_248' title='bbox 644 3984 801 4049; x_wconf 85' lang='lat' dir='ltr'>Pauwius.</span> <span class='ocrx_word' id='word_1_249' title='bbox 826 3983 950 4061; x_wconf 76' lang='grc' dir='ltr'>ἐντελὴς</span> <span class='ocrx_word' id='word_1_250' title='bbox 971 3982 1010 4045; x_wconf 83' lang='lat' dir='ltr'>ad</span> <span class='ocrx_word' id='word_1_251' title='bbox 1034 3979 1146 4062; x_wconf 88' lang='grc' dir='ltr'>γένναν</span> <span class='ocrx_word' id='word_1_252' title='bbox 1169 3978 1304 4044; x_wconf 85' lang='lat' dir='ltr'>referen-</span> 
     </span>
     <span class='ocr_line' id='line_1_37' title="bbox 205 4088 554 4154; baseline 0 -2"><span class='ocrx_word' id='word_1_253' title='bbox 205 4088 281 4153; x_wconf 86' lang='lat' dir='ltr'><strong>‹lum</strong></span> <span class='ocrx_word' id='word_1_254' title='bbox 296 4104 352 4154; x_wconf 84' lang='lat' dir='ltr'>est.</span> <span class='ocrx_word' id='word_1_255' title='bbox 378 4090 554 4153; x_wconf 87' lang='lat' dir='ltr'><strong>BLOMF.</strong></span> 
     </span>
    </p>

    <p class='ocr_par' dir='ltr' id='par_1_24' title="bbox 250 4182 1269 4276">
     <span class='ocr_line' id='line_1_38' title="bbox 250 4182 1269 4276; baseline -0.011 -20"><span class='ocrx_word' id='word_1_256' title='bbox 250 4206 322 4276; x_wconf 80' lang='lat'>251.</span> <span class='ocrx_word' id='word_1_257' title='bbox 338 4192 432 4273; x_wconf 89' lang='grc' dir='ltr'>θήραν</span> <span class='ocrx_word' id='word_1_258' title='bbox 448 4191 550 4254; x_wconf 86' lang='lat' dir='ltr'><strong>Turn.</strong></span> <span class='ocrx_word' id='word_1_259' title='bbox 569 4189 677 4275; x_wconf 83' lang='lat' dir='ltr'><strong>steph.</strong></span> <span class='ocrx_word' id='word_1_260' title='bbox 693 4191 786 4268; x_wconf 81' lang='grc' dir='ltr'>θήραν</span> <span class='ocrx_word' id='word_1_261' title='bbox 802 4187 885 4250; x_wconf 86' lang='lat' dir='ltr'>Rob.</span> <span class='ocrx_word' id='word_1_262' title='bbox 909 4190 984 4267; x_wconf 83' lang='grc' dir='ltr'>θῆρα</span> <span class='ocrx_word' id='word_1_263' title='bbox 1000 4185 1049 4248; x_wconf 94' lang='grc' dir='ltr'>Μ.</span> <span class='ocrx_word' id='word_1_264' title='bbox 1066 4183 1174 4248; x_wconf 87' lang='lat' dir='ltr'><strong>Guelf.</strong></span> <span class='ocrx_word' id='word_1_265' title='bbox 1193 4182 1269 4246; x_wconf 85' lang='grc' dir='ltr'>ΑΜ.</span> 
     </span>
    </p>

    <p class='ocr_par' dir='ltr' id='par_1_25' title="bbox 208 4283 1307 4481">
     <span class='ocr_line' id='line_1_39' title="bbox 249 4283 1307 4380; baseline -0.012 -21"><span class='ocrx_word' id='word_1_266' title='bbox 249 4292 388 4380; x_wconf 68' lang='grc' dir='ltr'>πατρῴαν</span> <span class='ocrx_word' id='word_1_267' title='bbox 418 4294 502 4358; x_wconf 86' lang='lat' dir='ltr'>Rob.</span> <span class='ocrx_word' id='word_1_268' title='bbox 533 4295 635 4358; x_wconf 90' lang='lat' dir='ltr'><strong>Turn.</strong></span> <span class='ocrx_word' id='word_1_269' title='bbox 675 4288 785 4376; x_wconf 84' lang='lat' dir='ltr'>Steph.</span> <span class='ocrx_word' id='word_1_270' title='bbox 822 4305 854 4353; x_wconf 89' lang='lat' dir='ltr'>et</span> <span class='ocrx_word' id='word_1_271' title='bbox 890 4288 1063 4352; x_wconf 78' lang='lat' dir='ltr'>scholiasta.</span> <span class='ocrx_word' id='word_1_272' title='bbox 1100 4287 1221 4366; x_wconf 81' lang='grc' dir='ltr'>πατριῦα</span> <span class='ocrx_word' id='word_1_273' title='bbox 1258 4283 1307 4346; x_wconf 89' lang='lat' dir='ltr'>vel</span> 
     </span>
     <span class='ocr_line' id='line_1_40' title="bbox 208 4385 1306 4481; baseline -0.009 -24"><span class='ocrx_word' id='word_1_274' title='bbox 208 4394 327 4481; x_wconf 70' lang='grc' dir='ltr'>πατρῴα</span> <span class='ocrx_word' id='word_1_275' title='bbox 352 4398 401 4460; x_wconf 93' lang='lat' dir='ltr'>M.</span> <span class='ocrx_word' id='word_1_276' title='bbox 432 4394 540 4459; x_wconf 84' lang='lat' dir='ltr'><strong>Guelf.</strong></span> <span class='ocrx_word' id='word_1_277' title='bbox 565 4394 642 4459; x_wconf 86' lang='lat' dir='ltr'>Ald.</span> <span class='ocrx_word' id='word_1_278' title='bbox 697 4390 903 4479; x_wconf 59' lang='lat' dir='ltr'>Scribendum</span> <span class='ocrx_word' id='word_1_279' title='bbox 930 4387 1075 4473; x_wconf 76' lang='grc' dir='ltr'>πατρῴοις</span> <span class='ocrx_word' id='word_1_280' title='bbox 1100 4408 1172 4451; x_wconf 89' lang='lat' dir='ltr'>cum</span> <span class='ocrx_word' id='word_1_281' title='bbox 1199 4385 1306 4447; x_wconf 87' lang='lat' dir='ltr'>Blom-</span> 
     </span>
    </p>
   </div>
   <div class='ocr_carea' id='block_1_4' title="bbox 211 4494 805 4680">
    <p class='ocr_par' dir='ltr' id='par_1_26' title="bbox 211 4494 805 4680">
     <span class='ocr_line' id='line_1_41' title="bbox 211 4494 310 4561; baseline 0.051 -5"><span class='ocrx_word' id='word_1_282' title='bbox 211 4494 310 4561; x_wconf 77' lang='lat' dir='ltr'>fieldo.</span> 
     </span>
     <span class='ocr_line' id='line_1_42' title="bbox 712 4610 805 4680; baseline 0 -23"><span class='ocrx_word' id='word_1_283' title='bbox 712 4615 731 4680; x_wconf 82' lang='lat'>3</span> <span class='ocrx_word' id='word_1_284' title='bbox 751 4617 769 4656; x_wconf 73' lang='lat' dir='ltr'>r</span> <span class='ocrx_word' id='word_1_285' title='bbox 787 4610 805 4657; x_wconf 85' lang='grc'><strong>2</strong></span> 
     </span>
    </p>
   </div>
   <div class='ocr_carea' id='block_1_5' title="bbox 0 0 1515 5054">
    <p class='ocr_par' dir='ltr' id='par_1_27' title="bbox 0 0 1515 5054">
     <span class='ocr_line' id='line_1_43' title="bbox 0 0 1515 5054; baseline 0 0"><span class='ocrx_word' id='word_1_286' title='bbox 0 0 1515 5054; x_wconf 95' lang='lat' dir='ltr'> </span> 
     </span>
    </p>
   </div>
  </div>
 </body>
</html>
