2984 5054
550 368 618 432 AD
641 367 937 433 EUMENIDES.
1229 365 1294 428 553

237 533 395 619 νεοθήλου]
411 539 572 613 νεοθηλοῢς
585 533 787 599 Abreschius.

234 636 343 723 βοτοῦ]
373 636 483 699 Porci:
519 659 549 699 v.
575 636 647 723 283.
679 636 847 700 STANL.
888 636 1054 699 Struotura
1079 648 1144 697 est:
1168 631 1229 697 ἐστ’
1253 632 1292 698 ἃν

191 735 265 816 πρὸς
286 738 393 819 ἀνδρὸς
406 740 530 817 αίμοτος
545 741 706 818 καθαρσίου
721 739 839 820 σφαγαὶ
854 741 1016 815 νεοθηλοῦς
1034 741 1127 808 βοτοῦ
1150 735 1292 816 καθαιράι

191 842 274 915 ξασι·
295 839 368 919 ἀνὴρ
380 841 501 918 αἵματος
516 839 677 921 καθάρσιος
691 853 748 916 est,
760 839 814 925 qui
830 838 965 925 aliquem
980 839 1154 924 sanguinis
1162 837 1298 924 piaculo

189 939 310 1004 liberas
336 940 387 1004 Sic
402 939 522 1027 Apollo
536 940 651 1005 dicitur
665 943 761 1023 φόνου
777 940 934 1023 καθάρσιος
948 963 978 1002 v.
993 942 1069 1024 568.
1094 940 1193 1005 SCH.

234 1054 310 1125 451.
335 1043 383 1106 καὶ
404 1044 500 1124 ῥυτοῖς
528 1043 644 1126 πόροις]
677 1042 781 1106 Oresti
810 1042 842 1104 in
867 1041 1044 1128 expiatione
1072 1042 1291 1130 Hippocrenes

191 1164 306 1228 aquam
329 1141 502 1207 adhibitam
523 1143 629 1223 fuisse,
645 1145 740 1208 refert
762 1144 934 1208 Pausanias
953 1162 984 1221 2,
1000 1159 1033 1225 7,
1050 1164 1087 1225 7:
1112 1143 1235 1232 καθῄραι
1257 1144 1291 1208 δέ

193 1252 290 1325 φασιν
304 1243 453 1327 Ὀρέστην
468 1249 638 1328 καθαρσίοις
651 1273 684 1311 τε
700 1249 747 1312 καὶ
762 1249 869 1314 άλλοις
888 1247 935 1311 καί
946 1249 1041 1323 ὕδατι,
1056 1245 1114 1309 άπὸ
1128 1249 1179 1324 τῆς
1201 1248 1292 1310 ίππου

193 1346 309 1428 κρήνης.
346 1346 472 1412 Abluto
492 1348 690 1413 interfectore
712 1348 818 1412 sordes
836 1370 873 1412 ao
894 1347 1043 1424 maculas,
1058 1371 1129 1433 quae
1145 1346 1292 1428 καθάρσια

193 1470 217 1511 s.
233 1449 466 1531 άποκαθάρματα
481 1449 564 1513 dicta
578 1473 616 1513 ex
632 1451 726 1515 domo
741 1450 823 1514 foras
838 1450 997 1536 projicere,
1012 1463 1108 1535 atque
1121 1448 1153 1512 in
1173 1462 1292 1529 secreto

192 1548 299 1636 aliquo
313 1549 381 1615 loco
395 1550 550 1615 occultare
565 1551 717 1617 solebant.
740 1553 853 1637 Neque
867 1548 1120 1637 praetereundum
1138 1565 1193 1627 est,
1205 1548 1293 1635 quod

193 1651 290 1716 tradit
312 1653 483 1717 Pausanias
504 1653 523 1715 l.
540 1676 566 1717 c.
589 1676 702 1739 nempe
724 1654 847 1717 laurum
868 1652 930 1716 illic
949 1664 1083 1730 enatam,
1099 1651 1153 1716 ubi
1174 1651 1294 1716 Orestis

194 1754 340 1835 καθάρσια
358 1754 572 1818 abdebantur:
599 1754 839 1839 κατορυχθέντων
861 1756 894 1818 δὲ
912 1756 1019 1835 ὀλίγον
1037 1754 1096 1818 άπὸ
1112 1758 1163 1832 τῆς
1185 1758 1294 1834 σκηνῆς

193 1862 253 1921 τῶν
274 1860 444 1939 καθαρσίων
466 1857 562 1940 φασίν
584 1856 633 1922 ἀπ’
654 1859 749 1922 αὐτῶν
773 1859 925 1940 ἀναφῦναι
949 1856 1074 1939 δάφνην,
1098 1856 1117 1936 τ]
1141 1856 1176 1936 δὴ
1195 1856 1242 1919 καί
1263 1857 1294 1923 ἐς

194 1957 268 2038 ἡμᾶς
283 1961 367 2024 ἔστιν
380 1961 398 2040 ἡ
413 1959 470 2042 πρὸ
485 1963 536 2039 τῆς
550 1963 660 2039 σκηνῆς
675 1962 790 2040 ταύτης.
815 1959 982 2023 STANL.

237 2078 314 2144 453.
330 2061 453 2144 ταύτην]
470 2063 559 2141 ταύτη
575 2060 658 2127 Rob.

239 2175 315 2246 454.
330 2164 446 2246 πεύσει]
466 2165 563 2242 πεύσῃ
578 2163 659 2228 libri.

239 2264 316 2347 456.
334 2270 491 2343 ναυβατῶν
506 2265 557 2328 Μ.
571 2263 680 2329 Guelf.
704 2272 839 2330 ναυατῶν
852 2264 923 2329 libri
937 2263 1048 2350 reliqui
1061 2264 1136 2329 vitio
1147 2264 1296 2342 sollemni,

197 2365 237 2429 de
251 2388 316 2451 quo
331 2363 396 2428 dixi
412 2364 442 2427 in
458 2379 564 2430 annot.
581 2366 621 2429 ad
638 2364 822 2452 Sophoclem
839 2389 869 2452 p.
886 2381 961 2451 337.

240 2468 316 2552 458.
341 2467 440 2548 ἔφθιθ’
460 2468 557 2552 οὗτος]
584 2466 689 2550 ἔφθηθ
705 2469 790 2534 οὗτος
812 2468 854 2532 Τ.
890 2466 987 2549 ἔφθιθ’
1010 2470 1101 2535 οὕτως
1121 2470 1171 2532 M.
1188 2467 1298 2531 Guelf.

198 2567 276 2632 Ald.
292 2567 377 2633 unde
391 2570 476 2636 οὗτος
492 2567 586 2650 ἔφθιτ’
602 2571 705 2632 Τυτο.
723 2569 833 2655 Steph.

240 2691 315 2756 459.
331 2672 373 2756 ἐς]
391 2672 596 2736 Scribendum
613 2675 666 2740 εἰς.

240 2778 315 2855 461.
335 2776 468 2857 λουτρῶν
492 2774 583 2838 lectio
603 2773 645 2838 ab
669 2773 830 2862 Stephano
853 2787 1033 2838 memorata.
1065 2779 1199 2855 λουτρῶν
1216 2772 1299 2850 libri,

198 2873 284 2959 quod
301 2873 376 2960 legit
390 2873 563 2938 scholiasta.
590 2874 642 2938 Eo
656 2889 800 2940 revocato
814 2874 1012 2938 scribendum
1027 2897 1097 2937 cum
1114 2875 1300 2937 Hermanno

200 2976 319 3061 Opusc.
342 2975 402 3040 vol.
419 2996 450 3056 4.
472 2998 505 3062 p.
521 2995 594 3061 339.
619 2977 760 3059 κρύφαύ,
786 2977 807 3040 b
829 2982 963 3057 λουτρῶν
985 2978 1171 3058 ἐξεμαρτύρει
1192 2977 1298 3058 φόνον.

201 3084 223 3115 “
234 3077 326 3139 Cons.
343 3076 486 3162 Choepb.
505 3094 598 3161 1005.
615 3077 774 3158 ἔδρασενῆ
789 3079 842 3142 οὐκ
865 3079 982 3159 ἔδρασε·
1004 3085 1147 3159 μαρτυρεῖ
1161 3078 1195 3140 δά
1206 3104 1257 3156 μοι
1275 3076 1282 3163 Ι

201 3182 296 3258 φᾶρος
309 3175 381 3254 τόδ’,
397 3178 435 3243 ὣς
450 3177 571 3258 ἔβαψεν
586 3180 732 3259 Αἰγίσθου
746 3181 841 3260 ξίφος.
887 3180 938 3243 De
953 3178 1072 3243 ratione
1086 3178 1179 3241 cardis
1197 3176 1300 3264 deque

201 3293 295 3355 veste,
325 3299 390 3362 qua
423 3276 561 3341 irretitus
593 3278 697 3343 fuerat
722 3281 927 3366 Agamemno,
955 3279 1037 3343 oont‘.
1065 3282 1181 3366 Agam.
1208 3296 1299 3361 1097.

205 3396 298 3467 1355.
316 3380 408 3463 1562.
425 3377 568 3465 Choepb.
584 3395 656 3464 975.
673 3399 746 3465 992.
763 3381 899 3444 Eumen.
909 3382 982 3444 601.
998 3379 1112 3465 Eurip.
1129 3382 1233 3443 Orest.
1248 3399 1299 3464 25.

201 3497 233 3547 et
255 3481 351 3545 schol.
373 3481 414 3544 ad
431 3495 482 3564 15.
506 3478 600 3544 schol.
617 3480 657 3544 ad
681 3481 795 3567 Eurip.
811 3483 893 3545 Hec.
914 3482 1005 3562 1276.
1026 3479 1121 3544 schol.
1137 3481 1176 3543 ad
1201 3483 1301 3546 Hom.

202 3583 239 3648 ll.
256 3590 280 3657 1,
298 3599 325 3664 7.
350 3580 511 3667 Lycophr.
533 3599 625 3666 1099.
642 3596 673 3645 et
692 3597 783 3668 1375.
805 3598 837 3645 et
851 3581 955 3646 schol.
979 3580 1128 3645 Philostr.
1152 3582 1253 3668 Imag.
1272 3602 1301 3659 2,

206 3705 256 3749 10.
281 3686 389 3748 Senec.
407 3686 525 3769 Agam.
542 3683 615 3766 879.
632 3706 719 3769 seqq.
736 3683 850 3748 noth?
872 3683 1137 3747 WIESELER.
1170 3689 1304 3766 λουτρῶν

203 3791 226 3852 δ’
244 3786 392 3873 Scaliger.

245 3891 322 3972 468.
337 3891 376 3953 σύ
391 3887 429 3973 τ’]
448 3888 486 3952 σὺ
500 3885 524 3951 δ’
542 3889 729 3952 Pearsonus.
765 3886 858 3950 Conf.
873 3887 913 3951 ad
930 3889 1038 3950 Prom.
1055 3900 1128 3969 705.

244 3996 320 4074 469.
342 3989 455 4071 πράξας
476 3992 534 4071 γὰρ
556 3989 590 4053 ἐν
611 3988 672 4072 σοὶ]
697 3989 726 4051 I.
741 4011 774 4073 q.
797 3987 910 4070 πράξας
929 3991 987 4071 γὰρ
1008 3988 1063 4067 τὴν
1084 3991 1167 4068 δίκην
1189 3990 1224 4051 ἓν
1241 3989 1300 4061 σοὶ,

203 4095 340 4174 πανταχῆ
354 4091 415 4155 τάδ’
431 4091 542 4156 αἰνέσω
557 4090 578 4153 b
592 4090 630 4154 σὺ
645 4092 762 4171 κρίνεις.
787 4091 886 4155 SCH.

245 4212 319 4276 470.
342 4192 419 4271 ἥτις
433 4195 618 4256 Pearsonus.
653 4195 682 4256 εί
702 4216 745 4258 τις
766 4191 847 4256 libri.
870 4190 1075 4257 Valckenario
1088 4191 1129 4256 ad
1147 4190 1301 4255 Herodot.

203 4313 236 4377 3,
258 4313 304 4372 14.
321 4292 519 4356 scribendum
535 4292 702 4357 videbatur
714 4293 734 4373 ἤ
748 4292 802 4357 τιν’
818 4298 936 4359 οίεσθοι
950 4297 1017 4359 τάδε
1030 4294 1143 4375 βροτὸν
1157 4291 1291 4366 δικάζειν.

246 4411 321 4475 472.
339 4394 435 4474 φόνου
449 4392 534 4457 Rob.
556 4397 667 4473 φόνους
680 4393 752 4457 libri
767 4393 888 4481 reliqui.

248 4493 433 4577 ὀξυμηνίτου]
448 4494 642 4572 άξυμηνίοτου
658 4495 707 4558 Μ.
731 4496 920 4573 άξυμηνίτους
937 4493 1101 4558 Stanleius

721 4618 783 4677 4A
