<?xml version="1.0" encoding="UTF-8"?>
<!DOCTYPE html PUBLIC "-//W3C//DTD XHTML 1.0 Transitional//EN"
    "http://www.w3.org/TR/xhtml1/DTD/xhtml1-transitional.dtd">
<html xmlns="http://www.w3.org/1999/xhtml" xml:lang="en" lang="en">
 <head>
  <title>
</title>
<meta http-equiv="Content-Type" content="text/html;charset=utf-8" />
  <meta name='ocr-system' content='tesseract 3.04.00' />
  <meta name='ocr-capabilities' content='ocr_page ocr_carea ocr_par ocr_line ocrx_word'/>
</head>
<body>
  <div class='ocr_page' id='page_1' title='image "./tragoediaesuper01aescgoog_0285.png"; bbox 0 0 2984 5054; ppageno 0'>
   <div class='ocr_carea' id='block_1_1' title="bbox 520 364 1253 433">
    <p class='ocr_par' dir='ltr' id='par_1_1' title="bbox 520 364 1253 433">
     <span class='ocr_line' id='line_1_1' title="bbox 520 364 1253 433; baseline 0.004 -4"><span class='ocrx_word' id='word_1_1' title='bbox 520 368 588 430; x_wconf 92' lang='lat' dir='ltr'>AD</span> <span class='ocrx_word' id='word_1_2' title='bbox 612 364 879 431; x_wconf 87' lang='lat' dir='ltr'><strong>SUPPLICES.</strong></span> <span class='ocrx_word' id='word_1_3' title='bbox 1187 365 1253 433; x_wconf 80' lang='lat'>607</span> 
     </span>
    </p>
   </div>
   <div class='ocr_carea' id='block_1_2' title="bbox 148 534 1256 3550">
    <p class='ocr_par' dir='ltr' id='par_1_2' title="bbox 148 534 1250 802">
     <span class='ocr_line' id='line_1_2' title="bbox 148 534 1249 623; baseline 0.004 -26"><span class='ocrx_word' id='word_1_4' title='bbox 148 543 365 621; x_wconf 66' lang='lat' dir='ltr'>per-reptatur.</span> <span class='ocrx_word' id='word_1_5' title='bbox 422 534 545 599; x_wconf 89' lang='lat' dir='ltr'>Eodem</span> <span class='ocrx_word' id='word_1_6' title='bbox 583 556 674 600; x_wconf 86' lang='lat' dir='ltr'>sensu</span> <span class='ocrx_word' id='word_1_7' title='bbox 707 560 735 599; x_wconf 87' lang='lat' dir='ltr'>v.</span> <span class='ocrx_word' id='word_1_8' title='bbox 766 555 841 618; x_wconf 90' lang='grc'><strong>424.</strong></span> <span class='ocrx_word' id='word_1_9' title='bbox 872 537 1064 619; x_wconf 59' lang='lat' dir='ltr'>protument</span> <span class='ocrx_word' id='word_1_10' title='bbox 1095 537 1249 623; x_wconf 86' lang='lat' dir='ltr'>ponitur;</span> 
     </span>
     <span class='ocr_line' id='line_1_3' title="bbox 150 635 1250 723; baseline 0.006 -26"><span class='ocrx_word' id='word_1_11' title='bbox 150 635 328 722; x_wconf 80' lang='lat' dir='ltr'>iterumque</span> <span class='ocrx_word' id='word_1_12' title='bbox 358 658 387 698; x_wconf 87' lang='lat' dir='ltr'>v.</span> <span class='ocrx_word' id='word_1_13' title='bbox 418 638 491 719; x_wconf 86' lang='grc'><strong>728.</strong></span> <span class='ocrx_word' id='word_1_14' title='bbox 520 637 655 702; x_wconf 75' lang='lat' dir='ltr'>occurrit</span> <span class='ocrx_word' id='word_1_15' title='bbox 682 639 794 720; x_wconf 78' lang='grc' dir='ltr'>ῥυσίων</span> <span class='ocrx_word' id='word_1_16' title='bbox 820 637 996 721; x_wconf 77' lang='grc' dir='ltr'>ἐφὸπτορες.</span> <span class='ocrx_word' id='word_1_17' title='bbox 1045 639 1096 704; x_wconf 89' lang='lat' dir='ltr'>Cf.</span> <span class='ocrx_word' id='word_1_18' title='bbox 1122 661 1152 702; x_wconf 90' lang='lat' dir='ltr'>v.</span> <span class='ocrx_word' id='word_1_19' title='bbox 1177 641 1250 723; x_wconf 83' lang='lat'>918.</span> 
     </span>
     <span class='ocr_line' id='line_1_4' title="bbox 152 738 253 802; baseline 0.01 -1"><span class='ocrx_word' id='word_1_20' title='bbox 152 738 253 802; x_wconf 87' lang='lat' dir='ltr'>SCH.</span> 
     </span>
    </p>

    <p class='ocr_par' dir='ltr' id='par_1_3' title="bbox 151 841 1250 1022">
     <span class='ocr_line' id='line_1_5' title="bbox 192 841 1250 931; baseline 0.001 -26"><span class='ocrx_word' id='word_1_21' title='bbox 192 860 266 926; x_wconf 81' lang='lat'>415.</span> <span class='ocrx_word' id='word_1_22' title='bbox 290 843 436 927; x_wconf 72' lang='grc' dir='ltr'>ξύνοικον]</span> <span class='ocrx_word' id='word_1_23' title='bbox 454 841 505 906; x_wconf 83' lang='lat' dir='ltr'>sic</span> <span class='ocrx_word' id='word_1_24' title='bbox 518 841 731 906; x_wconf 83' lang='lat' dir='ltr'><strong>Eumenidum</strong></span> <span class='ocrx_word' id='word_1_25' title='bbox 748 843 862 907; x_wconf 89' lang='lat' dir='ltr'>chorus</span> <span class='ocrx_word' id='word_1_26' title='bbox 878 861 950 927; x_wconf 81' lang='lat'>720.</span> <span class='ocrx_word' id='word_1_27' title='bbox 965 848 1075 925; x_wconf 81' lang='grc' dir='ltr'>βαρεῖα</span> <span class='ocrx_word' id='word_1_28' title='bbox 1088 845 1171 928; x_wconf 74' lang='grc' dir='ltr'>χοίρρ</span> <span class='ocrx_word' id='word_1_29' title='bbox 1189 842 1250 931; x_wconf 79' lang='grc' dir='ltr'>τῇδ’</span> 
     </span>
     <span class='ocr_line' id='line_1_6' title="bbox 151 940 897 1022; baseline 0.005 -19"><span class='ocrx_word' id='word_1_30' title='bbox 151 940 286 1020; x_wconf 75' lang='grc' dir='ltr'>ὁμιλήσω</span> <span class='ocrx_word' id='word_1_31' title='bbox 300 942 403 1007; x_wconf 80' lang='grc' dir='ltr'>πάλιν.</span> <span class='ocrx_word' id='word_1_32' title='bbox 429 945 528 1007; x_wconf 87' lang='lat' dir='ltr'>SCH.</span> <span class='ocrx_word' id='word_1_33' title='bbox 552 944 684 1022; x_wconf 71' lang='grc' dir='ltr'>ξύνοισιν</span> <span class='ocrx_word' id='word_1_34' title='bbox 699 943 777 1007; x_wconf 87' lang='lat' dir='ltr'>Ald.</span> <span class='ocrx_word' id='word_1_35' title='bbox 794 945 897 1007; x_wconf 90' lang='lat' dir='ltr'>Turn.</span> 
     </span>
    </p>

    <p class='ocr_par' dir='ltr' id='par_1_4' title="bbox 195 1042 1250 1129">
     <span class='ocr_line' id='line_1_7' title="bbox 195 1042 1250 1129; baseline 0.002 -25"><span class='ocrx_word' id='word_1_36' title='bbox 195 1043 355 1122; x_wconf 83' lang='grc' dir='ltr'>θησόμεσθ’</span> <span class='ocrx_word' id='word_1_37' title='bbox 359 1042 373 1129; x_wconf 88' lang='grc'>]</span> <span class='ocrx_word' id='word_1_38' title='bbox 390 1043 528 1124; x_wconf 81' lang='grc' dir='ltr'>θησόμεθ</span> <span class='ocrx_word' id='word_1_39' title='bbox 542 1046 592 1108; x_wconf 93' lang='lat' dir='ltr'>M.</span> <span class='ocrx_word' id='word_1_40' title='bbox 608 1044 741 1124; x_wconf 81' lang='grc' dir='ltr'>θήσομεν</span> <span class='ocrx_word' id='word_1_41' title='bbox 753 1044 862 1109; x_wconf 87' lang='lat' dir='ltr'>Guelf.</span> <span class='ocrx_word' id='word_1_42' title='bbox 874 1045 952 1110; x_wconf 88' lang='lat' dir='ltr'>Ald.</span> <span class='ocrx_word' id='word_1_43' title='bbox 969 1044 1099 1126; x_wconf 87' lang='grc' dir='ltr'>θήσομέν</span> <span class='ocrx_word' id='word_1_44' title='bbox 1110 1043 1133 1108; x_wconf 90' lang='grc' dir='ltr'>τ’</span> <span class='ocrx_word' id='word_1_45' title='bbox 1147 1047 1250 1109; x_wconf 89' lang='lat' dir='ltr'>Turn.</span> 
     </span>
    </p>

    <p class='ocr_par' dir='ltr' id='par_1_5' title="bbox 193 1144 742 1233">
     <span class='ocr_line' id='line_1_8' title="bbox 193 1144 742 1233; baseline 0.004 -27"><span class='ocrx_word' id='word_1_46' title='bbox 193 1146 269 1223; x_wconf 88' lang='lat'><em>416.</em></span> <span class='ocrx_word' id='word_1_47' title='bbox 286 1144 318 1212; x_wconf 90' lang='grc' dir='ltr'>δς</span> <span class='ocrx_word' id='word_1_48' title='bbox 333 1148 377 1210; x_wconf 93' lang='grc' dir='ltr'>Η.</span> <span class='ocrx_word' id='word_1_49' title='bbox 396 1147 583 1233; x_wconf 78' lang='lat' dir='ltr'>Stephanus.</span> <span class='ocrx_word' id='word_1_50' title='bbox 607 1147 646 1213; x_wconf 86' lang='grc' dir='ltr'>ὁς</span> <span class='ocrx_word' id='word_1_51' title='bbox 660 1145 742 1210; x_wconf 87' lang='lat' dir='ltr'>libri.</span> 
     </span>
    </p>

    <p class='ocr_par' dir='ltr' id='par_1_6' title="bbox 193 1246 878 1332">
     <span class='ocr_line' id='line_1_9' title="bbox 193 1246 878 1332; baseline 0.004 -23"><span class='ocrx_word' id='word_1_52' title='bbox 193 1263 268 1329; x_wconf 88' lang='lat'>417.</span> <span class='ocrx_word' id='word_1_53' title='bbox 285 1246 380 1332; x_wconf 85' lang='grc' dir='ltr'>δοκεῖ]</span> <span class='ocrx_word' id='word_1_54' title='bbox 397 1253 495 1313; x_wconf 80' lang='grc' dir='ltr'>δοκεῖν</span> <span class='ocrx_word' id='word_1_55' title='bbox 511 1249 560 1311; x_wconf 89' lang='grc' dir='ltr'>Μ.</span> <span class='ocrx_word' id='word_1_56' title='bbox 578 1246 687 1313; x_wconf 81' lang='lat' dir='ltr'>Guelf.</span> <span class='ocrx_word' id='word_1_57' title='bbox 700 1247 778 1312; x_wconf 88' lang='lat' dir='ltr'>Ald.</span> <span class='ocrx_word' id='word_1_58' title='bbox 795 1249 878 1314; x_wconf 90' lang='lat' dir='ltr'>Rob.</span> 
     </span>
    </p>

    <p class='ocr_par' dir='ltr' id='par_1_7' title="bbox 195 1349 595 1434">
     <span class='ocr_line' id='line_1_10' title="bbox 195 1349 595 1434; baseline 0.013 -23"><span class='ocrx_word' id='word_1_59' title='bbox 195 1349 595 1434; x_wconf 79' lang='lat'>418—422=423-427.</span> 
     </span>
    </p>

    <p class='ocr_par' dir='ltr' id='par_1_8' title="bbox 193 1451 593 1537">
     <span class='ocr_line' id='line_1_11' title="bbox 193 1451 593 1537; baseline 0.01 -6"><span class='ocrx_word' id='word_1_60' title='bbox 193 1451 593 1537; x_wconf 80' lang='lat'>428-432=433-437·</span> 
     </span>
    </p>

    <p class='ocr_par' dir='ltr' id='par_1_9' title="bbox 152 1553 1252 1719">
     <span class='ocr_line' id='line_1_12' title="bbox 193 1553 1252 1641; baseline 0.005 -26"><span class='ocrx_word' id='word_1_61' title='bbox 193 1555 378 1634; x_wconf 80' lang='grc'><strong>418-422.</strong></span> <span class='ocrx_word' id='word_1_62' title='bbox 401 1553 449 1617; x_wconf 90' lang='lat' dir='ltr'>Hi</span> <span class='ocrx_word' id='word_1_63' title='bbox 464 1576 572 1618; x_wconf 88' lang='lat' dir='ltr'>versus</span> <span class='ocrx_word' id='word_1_64' title='bbox 586 1554 700 1619; x_wconf 87' lang='lat' dir='ltr'>rectius</span> <span class='ocrx_word' id='word_1_65' title='bbox 713 1554 744 1618; x_wconf 91' lang='lat' dir='ltr'>in</span> <span class='ocrx_word' id='word_1_66' title='bbox 761 1556 936 1620; x_wconf 84' lang='lat' dir='ltr'>trimetrum</span> <span class='ocrx_word' id='word_1_67' title='bbox 951 1554 1095 1641; x_wconf 89' lang='lat' dir='ltr'>duosque</span> <span class='ocrx_word' id='word_1_68' title='bbox 1109 1569 1252 1620; x_wconf 84' lang='lat' dir='ltr'>tetrame-</span> 
     </span>
     <span class='ocr_line' id='line_1_13' title="bbox 152 1654 467 1719; baseline 0 -1"><span class='ocrx_word' id='word_1_69' title='bbox 152 1668 216 1718; x_wconf 87' lang='lat' dir='ltr'>tros</span> <span class='ocrx_word' id='word_1_70' title='bbox 230 1654 467 1719; x_wconf 84' lang='lat' dir='ltr'>distribuentur.</span> 
     </span>
    </p>

    <p class='ocr_par' dir='ltr' id='par_1_10' title="bbox 152 1755 1252 1949">
     <span class='ocr_line' id='line_1_14' title="bbox 194 1755 1252 1845; baseline 0 -23"><span class='ocrx_word' id='word_1_71' title='bbox 194 1777 268 1836; x_wconf 86' lang='grc'><strong>421.</strong></span> <span class='ocrx_word' id='word_1_72' title='bbox 292 1759 433 1835; x_wconf 79' lang='grc' dir='ltr'>ἐκβολαῖς</span> <span class='ocrx_word' id='word_1_73' title='bbox 454 1755 602 1842; x_wconf 74' lang='grc' dir='ltr'>δυσθέοις]</span> <span class='ocrx_word' id='word_1_74' title='bbox 623 1758 790 1844; x_wconf 72' lang='lat' dir='ltr'>Expultae</span> <span class='ocrx_word' id='word_1_75' title='bbox 812 1757 986 1836; x_wconf 84' lang='lat' dir='ltr'>sedicunt,</span> <span class='ocrx_word' id='word_1_76' title='bbox 1009 1757 1096 1845; x_wconf 92' lang='lat' dir='ltr'>quod</span> <span class='ocrx_word' id='word_1_77' title='bbox 1117 1757 1252 1823; x_wconf 80' lang='lat' dir='ltr'>violente</span> 
     </span>
     <span class='ocr_line' id='line_1_15' title="bbox 152 1859 1022 1949; baseline 0.005 -26"><span class='ocrx_word' id='word_1_78' title='bbox 152 1882 317 1945; x_wconf 88' lang='lat' dir='ltr'>procorum</span> <span class='ocrx_word' id='word_1_79' title='bbox 335 1859 504 1925; x_wconf 81' lang='lat' dir='ltr'>ambitione</span> <span class='ocrx_word' id='word_1_80' title='bbox 522 1875 624 1926; x_wconf 88' lang='lat' dir='ltr'>essent</span> <span class='ocrx_word' id='word_1_81' title='bbox 641 1861 750 1949; x_wconf 86' lang='lat' dir='ltr'>fugere</span> <span class='ocrx_word' id='word_1_82' title='bbox 769 1877 895 1928; x_wconf 87' lang='lat' dir='ltr'>ooaotae.</span> <span class='ocrx_word' id='word_1_83' title='bbox 921 1864 1022 1928; x_wconf 89' lang='lat' dir='ltr'><strong>SCH.</strong></span> 
     </span>
    </p>

    <p class='ocr_par' dir='ltr' id='par_1_11' title="bbox 153 1948 1251 2153">
     <span class='ocr_line' id='line_1_16' title="bbox 194 1948 1251 2047; baseline 0.004 -22"><span class='ocrx_word' id='word_1_84' title='bbox 194 1979 269 2040; x_wconf 88' lang='grc'><strong>422.</strong></span> <span class='ocrx_word' id='word_1_85' title='bbox 292 1961 422 2043; x_wconf 78' lang='grc' dir='ltr'>ὀρμέναν</span> <span class='ocrx_word' id='word_1_86' title='bbox 442 1962 599 2027; x_wconf 84' lang='lat' dir='ltr'>Pauwius.</span> <span class='ocrx_word' id='word_1_87' title='bbox 621 1948 769 2045; x_wconf 79' lang='grc' dir='ltr'>ὁρὸμέναν</span> <span class='ocrx_word' id='word_1_88' title='bbox 792 1965 840 2027; x_wconf 90' lang='grc' dir='ltr'>Μ.</span> <span class='ocrx_word' id='word_1_89' title='bbox 866 1963 1021 2047; x_wconf 87' lang='grc' dir='ltr'>ὁρωμέναν</span> <span class='ocrx_word' id='word_1_90' title='bbox 1042 1965 1151 2031; x_wconf 84' lang='lat' dir='ltr'>Guelf.</span> <span class='ocrx_word' id='word_1_91' title='bbox 1174 1965 1251 2031; x_wconf 90' lang='lat' dir='ltr'>Ald.</span> 
     </span>
     <span class='ocr_line' id='line_1_17' title="bbox 153 2062 680 2153; baseline 0.013 -29"><span class='ocrx_word' id='word_1_92' title='bbox 153 2062 236 2125; x_wconf 86' lang='lat' dir='ltr'>Rob.</span> <span class='ocrx_word' id='word_1_93' title='bbox 254 2064 355 2126; x_wconf 90' lang='lat' dir='ltr'>Turn.</span> <span class='ocrx_word' id='word_1_94' title='bbox 379 2065 553 2147; x_wconf 88' lang='grc' dir='ltr'>ὁρμωμέναν</span> <span class='ocrx_word' id='word_1_95' title='bbox 569 2065 680 2153; x_wconf 85' lang='lat' dir='ltr'>steph.</span> 
     </span>
    </p>

    <p class='ocr_par' dir='ltr' id='par_1_12' title="bbox 152 2165 1254 2655">
     <span class='ocr_line' id='line_1_18' title="bbox 196 2165 1253 2256; baseline 0.006 -28"><span class='ocrx_word' id='word_1_96' title='bbox 196 2165 269 2243; x_wconf 88' lang='grc'><strong>426.</strong></span> <span class='ocrx_word' id='word_1_97' title='bbox 295 2169 534 2255; x_wconf 79' lang='grc' dir='ltr'>γνῶθι-κότον]</span> <span class='ocrx_word' id='word_1_98' title='bbox 560 2169 677 2255; x_wconf 80' lang='lat' dir='ltr'>Cogita</span> <span class='ocrx_word' id='word_1_99' title='bbox 698 2189 771 2233; x_wconf 85' lang='lat' dir='ltr'>vero</span> <span class='ocrx_word' id='word_1_100' title='bbox 792 2170 1003 2256; x_wconf 81' lang='lat' dir='ltr'>impudentem</span> <span class='ocrx_word' id='word_1_101' title='bbox 1026 2168 1137 2232; x_wconf 75' lang='lat' dir='ltr'>horam</span> <span class='ocrx_word' id='word_1_102' title='bbox 1152 2171 1253 2256; x_wconf 82' lang='lat' dir='ltr'>juve·</span> 
     </span>
     <span class='ocr_line' id='line_1_19' title="bbox 152 2265 1254 2357; baseline 0.01 -31"><span class='ocrx_word' id='word_1_103' title='bbox 152 2286 227 2327; x_wconf 84' lang='lat' dir='ltr'>aum</span> <span class='ocrx_word' id='word_1_104' title='bbox 244 2265 420 2344; x_wconf 80' lang='lat' dir='ltr'>lasciviam,</span> <span class='ocrx_word' id='word_1_105' title='bbox 435 2289 600 2355; x_wconf 72' lang='lat' dir='ltr'>eorumque</span> <span class='ocrx_word' id='word_1_106' title='bbox 613 2271 653 2332; x_wconf 85' lang='grc' dir='ltr'>αδ</span> <span class='ocrx_word' id='word_1_107' title='bbox 667 2272 720 2334; x_wconf 80' lang='grc' dir='ltr'>ἱνα</span> <span class='ocrx_word' id='word_1_108' title='bbox 735 2271 792 2334; x_wconf 83' lang='lat' dir='ltr'>tibi</span> <span class='ocrx_word' id='word_1_109' title='bbox 806 2293 904 2342; x_wconf 63' lang='lat' dir='ltr'>eoum</span> <span class='ocrx_word' id='word_1_110' title='bbox 928 2271 959 2334; x_wconf 91' lang='lat' dir='ltr'>h.</span> <span class='ocrx_word' id='word_1_111' title='bbox 970 2293 997 2333; x_wconf 90' lang='lat' dir='ltr'>e.</span> <span class='ocrx_word' id='word_1_112' title='bbox 1013 2270 1083 2334; x_wconf 85' lang='lat' dir='ltr'>vide</span> <span class='ocrx_word' id='word_1_113' title='bbox 1094 2273 1254 2357; x_wconf 92' lang='lat' dir='ltr'>quomodo</span> 
     </span>
     <span class='ocr_line' id='line_1_20' title="bbox 152 2365 1253 2457; baseline 0.007 -28"><span class='ocrx_word' id='word_1_114' title='bbox 152 2365 302 2431; x_wconf 83' lang='lat' dir='ltr'>iratorum</span> <span class='ocrx_word' id='word_1_115' title='bbox 317 2368 379 2431; x_wconf 83' lang='lat' dir='ltr'>vim</span> <span class='ocrx_word' id='word_1_116' title='bbox 395 2368 566 2457; x_wconf 87' lang='lat' dir='ltr'>propulses.</span> <span class='ocrx_word' id='word_1_117' title='bbox 590 2372 688 2434; x_wconf 82' lang='grc' dir='ltr'>Κθτον</span> <span class='ocrx_word' id='word_1_118' title='bbox 702 2370 784 2434; x_wconf 89' lang='lat' dir='ltr'>euim</span> <span class='ocrx_word' id='word_1_119' title='bbox 800 2371 831 2434; x_wconf 91' lang='lat' dir='ltr'>b.</span> <span class='ocrx_word' id='word_1_120' title='bbox 846 2370 866 2434; x_wconf 90' lang='lat' dir='ltr'>l.</span> <span class='ocrx_word' id='word_1_121' title='bbox 882 2393 944 2434; x_wconf 89' lang='lat' dir='ltr'>non</span> <span class='ocrx_word' id='word_1_122' title='bbox 960 2371 1001 2434; x_wconf 92' lang='lat' dir='ltr'>de</span> <span class='ocrx_word' id='word_1_123' title='bbox 1015 2373 1038 2434; x_wconf 93' lang='lat' dir='ltr'><strong>J</strong></span> <span class='ocrx_word' id='word_1_124' title='bbox 1040 2370 1107 2434; x_wconf 88' lang='lat' dir='ltr'>ovis</span> <span class='ocrx_word' id='word_1_125' title='bbox 1120 2371 1167 2435; x_wconf 86' lang='lat' dir='ltr'>ira</span> <span class='ocrx_word' id='word_1_126' title='bbox 1180 2395 1253 2437; x_wconf 88' lang='lat' dir='ltr'>oum</span> 
     </span>
     <span class='ocr_line' id='line_1_21' title="bbox 153 2467 1254 2561; baseline 0.008 -30"><span class='ocrx_word' id='word_1_127' title='bbox 153 2467 249 2533; x_wconf 85' lang='lat' dir='ltr'>schol.</span> <span class='ocrx_word' id='word_1_128' title='bbox 273 2483 305 2533; x_wconf 90' lang='lat' dir='ltr'>et</span> <span class='ocrx_word' id='word_1_129' title='bbox 328 2470 439 2549; x_wconf 79' lang='lat' dir='ltr'>Stant,</span> <span class='ocrx_word' id='word_1_130' title='bbox 466 2471 520 2535; x_wconf 90' lang='lat' dir='ltr'>sed</span> <span class='ocrx_word' id='word_1_131' title='bbox 542 2471 583 2535; x_wconf 92' lang='lat' dir='ltr'>de</span> <span class='ocrx_word' id='word_1_132' title='bbox 602 2471 789 2558; x_wconf 83' lang='lat' dir='ltr'>patruelium</span> <span class='ocrx_word' id='word_1_133' title='bbox 811 2472 857 2536; x_wconf 89' lang='lat' dir='ltr'>ira</span> <span class='ocrx_word' id='word_1_134' title='bbox 876 2472 1101 2561; x_wconf 84' lang='lat' dir='ltr'>accipiendum.</span> <span class='ocrx_word' id='word_1_135' title='bbox 1148 2474 1200 2539; x_wconf 87' lang='lat' dir='ltr'>Cf.</span> <span class='ocrx_word' id='word_1_136' title='bbox 1220 2497 1254 2540; x_wconf 83' lang='lat' dir='ltr'>v.</span> 
     </span>
     <span class='ocr_line' id='line_1_22' title="bbox 155 2572 442 2655; baseline 0.003 -21"><span class='ocrx_word' id='word_1_137' title='bbox 155 2587 227 2650; x_wconf 90' lang='lat'><strong>744.</strong></span> <span class='ocrx_word' id='word_1_138' title='bbox 245 2574 317 2655; x_wconf 83' lang='lat'>763.</span> <span class='ocrx_word' id='word_1_139' title='bbox 342 2572 442 2636; x_wconf 86' lang='lat' dir='ltr'>SCH.</span> 
     </span>
    </p>

    <p class='ocr_par' dir='ltr' id='par_1_13' title="bbox 154 2673 1256 2966">
     <span class='ocr_line' id='line_1_23' title="bbox 196 2673 1255 2762; baseline 0.004 -27"><span class='ocrx_word' id='word_1_140' title='bbox 196 2674 273 2752; x_wconf 89' lang='grc'><strong>428.</strong></span> <span class='ocrx_word' id='word_1_141' title='bbox 295 2673 336 2753; x_wconf 91' lang='grc' dir='ltr'>μή</span> <span class='ocrx_word' id='word_1_142' title='bbox 355 2676 385 2738; x_wconf 88' lang='grc' dir='ltr'>τί</span> <span class='ocrx_word' id='word_1_143' title='bbox 397 2676 470 2762; x_wconf 78' lang='grc' dir='ltr'>τλῇς</span> <span class='ocrx_word' id='word_1_144' title='bbox 484 2677 540 2739; x_wconf 77' lang='grc' dir='ltr'>τᾶν</span> <span class='ocrx_word' id='word_1_145' title='bbox 555 2673 715 2738; x_wconf 85' lang='lat' dir='ltr'>Pauwius.</span> <span class='ocrx_word' id='word_1_146' title='bbox 734 2673 802 2754; x_wconf 86' lang='grc' dir='ltr'>μήτι</span> <span class='ocrx_word' id='word_1_147' title='bbox 816 2675 849 2737; x_wconf 73' lang='grc' dir='ltr'>τὲ</span> <span class='ocrx_word' id='word_1_148' title='bbox 862 2678 935 2762; x_wconf 82' lang='grc' dir='ltr'>τλῇς</span> <span class='ocrx_word' id='word_1_149' title='bbox 950 2677 1006 2739; x_wconf 80' lang='grc' dir='ltr'>τᾶν</span> <span class='ocrx_word' id='word_1_150' title='bbox 1020 2677 1126 2740; x_wconf 89' lang='lat' dir='ltr'>Turn.</span> <span class='ocrx_word' id='word_1_151' title='bbox 1148 2674 1216 2755; x_wconf 91' lang='grc' dir='ltr'>μήτι</span> <span class='ocrx_word' id='word_1_152' title='bbox 1231 2691 1255 2739; x_wconf 85' lang='grc' dir='ltr'>τ·</span> 
     </span>
     <span class='ocr_line' id='line_1_24' title="bbox 154 2773 1256 2857; baseline 0.005 -19"><span class='ocrx_word' id='word_1_153' title='bbox 154 2773 283 2840; x_wconf 80' lang='grc' dir='ltr'>ἆαίσταν</span> <span class='ocrx_word' id='word_1_154' title='bbox 297 2776 376 2840; x_wconf 85' lang='lat' dir='ltr'>Ald.</span> <span class='ocrx_word' id='word_1_155' title='bbox 398 2778 497 2841; x_wconf 86' lang='lat' dir='ltr'>codex</span> <span class='ocrx_word' id='word_1_156' title='bbox 518 2774 694 2841; x_wconf 84' lang='lat' dir='ltr'>Robortelli</span> <span class='ocrx_word' id='word_1_157' title='bbox 713 2791 745 2839; x_wconf 87' lang='lat' dir='ltr'>et</span> <span class='ocrx_word' id='word_1_158' title='bbox 764 2774 894 2840; x_wconf 81' lang='lat' dir='ltr'>fortasse</span> <span class='ocrx_word' id='word_1_159' title='bbox 912 2777 963 2841; x_wconf 87' lang='lat' dir='ltr'>M.</span> <span class='ocrx_word' id='word_1_160' title='bbox 985 2775 1053 2857; x_wconf 84' lang='grc' dir='ltr'>μήτι</span> <span class='ocrx_word' id='word_1_161' title='bbox 1074 2778 1178 2856; x_wconf 78' lang='grc' dir='ltr'>τλαίης</span> <span class='ocrx_word' id='word_1_162' title='bbox 1199 2780 1256 2843; x_wconf 72' lang='grc' dir='ltr'>τὸν</span> 
     </span>
     <span class='ocr_line' id='line_1_25' title="bbox 155 2876 826 2966; baseline 0.004 -26"><span class='ocrx_word' id='word_1_163' title='bbox 155 2876 240 2941; x_wconf 90' lang='lat' dir='ltr'>Rob.</span> <span class='ocrx_word' id='word_1_164' title='bbox 255 2901 294 2941; x_wconf 86' lang='lat' dir='ltr'>ex</span> <span class='ocrx_word' id='word_1_165' title='bbox 310 2879 489 2962; x_wconf 86' lang='lat' dir='ltr'>conjectura</span> <span class='ocrx_word' id='word_1_166' title='bbox 505 2877 654 2966; x_wconf 88' lang='lat' dir='ltr'>Sophiani</span> <span class='ocrx_word' id='word_1_167' title='bbox 668 2892 700 2942; x_wconf 88' lang='lat' dir='ltr'>et</span> <span class='ocrx_word' id='word_1_168' title='bbox 716 2879 826 2966; x_wconf 83' lang='lat' dir='ltr'>steph.</span> 
     </span>
    </p>

    <p class='ocr_par' dir='ltr' id='par_1_14' title="bbox 153 2978 1256 3550">
     <span class='ocr_line' id='line_1_26' title="bbox 196 2978 1254 3068; baseline 0 -25"><span class='ocrx_word' id='word_1_169' title='bbox 196 2979 237 3057; x_wconf 89' lang='grc' dir='ltr'>μή</span> <span class='ocrx_word' id='word_1_170' title='bbox 255 3006 284 3043; x_wconf 89' lang='grc' dir='ltr'>τι</span> <span class='ocrx_word' id='word_1_171' title='bbox 302 2982 387 3066; x_wconf 78' lang='grc' dir='ltr'>τλῇς]</span> <span class='ocrx_word' id='word_1_172' title='bbox 409 2983 544 3046; x_wconf 85' lang='lat' dir='ltr'>Sensus:</span> <span class='ocrx_word' id='word_1_173' title='bbox 568 2982 680 3068; x_wconf 82' lang='lat' dir='ltr'>Neque</span> <span class='ocrx_word' id='word_1_174' title='bbox 702 3002 777 3045; x_wconf 89' lang='lat' dir='ltr'>aero</span> <span class='ocrx_word' id='word_1_175' title='bbox 793 2982 936 3067; x_wconf 82' lang='lat' dir='ltr'>patiaris</span> <span class='ocrx_word' id='word_1_176' title='bbox 957 3001 1014 3044; x_wconf 83' lang='lat' dir='ltr'>aas</span> <span class='ocrx_word' id='word_1_177' title='bbox 1035 2981 1191 3066; x_wconf 80' lang='lat' dir='ltr'>supplices</span> <span class='ocrx_word' id='word_1_178' title='bbox 1212 2978 1254 3043; x_wconf 86' lang='grc' dir='ltr'>αὸ</span> 
     </span>
     <span class='ocr_line' id='line_1_27' title="bbox 154 3078 1253 3170; baseline 0.002 -29"><span class='ocrx_word' id='word_1_179' title='bbox 154 3078 237 3142; x_wconf 75' lang='lat' dir='ltr'>hisee</span> <span class='ocrx_word' id='word_1_180' title='bbox 257 3081 385 3146; x_wconf 71' lang='grc' dir='ltr'>ὁοονπινι</span> <span class='ocrx_word' id='word_1_181' title='bbox 406 3085 523 3146; x_wconf 75' lang='lat' dir='ltr'>statuis</span> <span class='ocrx_word' id='word_1_182' title='bbox 543 3085 649 3146; x_wconf 78' lang='lat' dir='ltr'>iuvita</span> <span class='ocrx_word' id='word_1_183' title='bbox 659 3084 799 3169; x_wconf 79' lang='lat' dir='ltr'>justitia</span> <span class='ocrx_word' id='word_1_184' title='bbox 813 3104 959 3170; x_wconf 71' lang='lat' dir='ltr'>equorum</span> <span class='ocrx_word' id='word_1_185' title='bbox 980 3084 1086 3146; x_wconf 77' lang='lat' dir='ltr'>instar</span> <span class='ocrx_word' id='word_1_186' title='bbox 1099 3081 1253 3158; x_wconf 74' lang='lat' dir='ltr'>abstrahi,</span> 
     </span>
     <span class='ocr_line' id='line_1_28' title="bbox 153 3183 1253 3268; baseline 0.001 -24"><span class='ocrx_word' id='word_1_187' title='bbox 153 3202 210 3244; x_wconf 82' lang='lat' dir='ltr'>aee</span> <span class='ocrx_word' id='word_1_188' title='bbox 223 3185 391 3247; x_wconf 74' lang='lat' dir='ltr'>connivens</span> <span class='ocrx_word' id='word_1_189' title='bbox 406 3185 516 3247; x_wconf 71' lang='lat' dir='ltr'>videar</span> <span class='ocrx_word' id='word_1_190' title='bbox 533 3186 687 3247; x_wconf 81' lang='lat' dir='ltr'>vittarum</span> <span class='ocrx_word' id='word_1_191' title='bbox 708 3193 890 3248; x_wconf 75' lang='lat' dir='ltr'>nostrarum</span> <span class='ocrx_word' id='word_1_192' title='bbox 912 3192 941 3246; x_wconf 93' lang='lat' dir='ltr'>et</span> <span class='ocrx_word' id='word_1_193' title='bbox 960 3183 1129 3268; x_wconf 80' lang='lat' dir='ltr'>peplorum</span> <span class='ocrx_word' id='word_1_194' title='bbox 1149 3184 1253 3267; x_wconf 67' lang='lat' dir='ltr'>artili-</span> 
     </span>
     <span class='ocr_line' id='line_1_29' title="bbox 154 3282 1254 3369; baseline 0.002 -25"><span class='ocrx_word' id='word_1_195' title='bbox 154 3283 234 3344; x_wconf 83' lang='lat' dir='ltr'>eiose</span> <span class='ocrx_word' id='word_1_196' title='bbox 248 3290 403 3346; x_wconf 71' lang='lat' dir='ltr'>texturam</span> <span class='ocrx_word' id='word_1_197' title='bbox 415 3283 662 3369; x_wconf 65' lang='lat' dir='ltr'>protensiorem.</span> <span class='ocrx_word' id='word_1_198' title='bbox 709 3286 819 3349; x_wconf 88' lang='lat' dir='ltr'>Praeco</span> <span class='ocrx_word' id='word_1_199' title='bbox 833 3284 915 3348; x_wconf 89' lang='lat' dir='ltr'>enim</span> <span class='ocrx_word' id='word_1_200' title='bbox 929 3284 1012 3347; x_wconf 84' lang='lat' dir='ltr'>infra</span> <span class='ocrx_word' id='word_1_201' title='bbox 1025 3306 1058 3347; x_wconf 88' lang='lat' dir='ltr'>se</span> <span class='ocrx_word' id='word_1_202' title='bbox 1077 3282 1207 3369; x_wconf 81' lang='lat' dir='ltr'>puellas,</span> <span class='ocrx_word' id='word_1_203' title='bbox 1222 3283 1254 3346; x_wconf 90' lang='lat' dir='ltr'>ni</span> 
     </span>
     <span class='ocr_line' id='line_1_30' title="bbox 155 3384 1256 3473; baseline 0.005 -29"><span class='ocrx_word' id='word_1_204' title='bbox 155 3397 265 3469; x_wconf 89' lang='lat' dir='ltr'>sponte</span> <span class='ocrx_word' id='word_1_205' title='bbox 280 3406 312 3446; x_wconf 88' lang='lat' dir='ltr'>se</span> <span class='ocrx_word' id='word_1_206' title='bbox 327 3398 508 3469; x_wconf 86' lang='lat' dir='ltr'>sequautur,</span> <span class='ocrx_word' id='word_1_207' title='bbox 520 3385 660 3450; x_wconf 86' lang='lat' dir='ltr'>vestibus</span> <span class='ocrx_word' id='word_1_208' title='bbox 675 3411 706 3450; x_wconf 89' lang='lat' dir='ltr'>v.</span> <span class='ocrx_word' id='word_1_209' title='bbox 718 3406 791 3471; x_wconf 87' lang='lat'>903.</span> <span class='ocrx_word' id='word_1_210' title='bbox 807 3401 839 3451; x_wconf 89' lang='lat' dir='ltr'>et</span> <span class='ocrx_word' id='word_1_211' title='bbox 853 3384 972 3473; x_wconf 86' lang='lat' dir='ltr'>capillis</span> <span class='ocrx_word' id='word_1_212' title='bbox 986 3408 1016 3448; x_wconf 90' lang='lat' dir='ltr'>v.</span> <span class='ocrx_word' id='word_1_213' title='bbox 1029 3403 1104 3471; x_wconf 89' lang='lat'><strong>909.</strong></span> <span class='ocrx_word' id='word_1_214' title='bbox 1120 3384 1256 3449; x_wconf 84' lang='lat' dir='ltr'>abstrae-</span> 
     </span>
     <span class='ocr_line' id='line_1_31' title="bbox 156 3484 549 3550; baseline 0.01 -4"><span class='ocrx_word' id='word_1_215' title='bbox 156 3494 262 3547; x_wconf 88' lang='lat' dir='ltr'>turum</span> <span class='ocrx_word' id='word_1_216' title='bbox 279 3484 424 3549; x_wconf 87' lang='lat' dir='ltr'>minatur.</span> <span class='ocrx_word' id='word_1_217' title='bbox 449 3488 549 3550; x_wconf 88' lang='lat' dir='ltr'><strong>SCH.</strong></span> 
     </span>
    </p>
   </div>
   <div class='ocr_carea' id='block_1_3' title="bbox 199 3587 511 3672">
    <p class='ocr_par' dir='ltr' id='par_1_15' title="bbox 199 3587 511 3672">
     <span class='ocr_line' id='line_1_32' title="bbox 199 3587 511 3672; baseline 0.006 -24"><span class='ocrx_word' id='word_1_218' title='bbox 199 3587 302 3672; x_wconf 88' lang='grc' dir='ltr'>ἱκέτιν]</span> <span class='ocrx_word' id='word_1_219' title='bbox 321 3587 419 3666; x_wconf 86' lang='grc' dir='ltr'>ἱκέτην</span> <span class='ocrx_word' id='word_1_220' title='bbox 433 3587 511 3652; x_wconf 90' lang='lat' dir='ltr'>Ald.</span> 
     </span>
    </p>
   </div>
   <div class='ocr_carea' id='block_1_4' title="bbox 155 3687 1260 4584">
    <p class='ocr_par' dir='ltr' id='par_1_16' title="bbox 155 3687 1254 3877">
     <span class='ocr_line' id='line_1_33' title="bbox 198 3687 1254 3776; baseline 0 -22"><span class='ocrx_word' id='word_1_221' title='bbox 198 3707 274 3770; x_wconf 82' lang='grc'><strong>429.</strong></span> <span class='ocrx_word' id='word_1_222' title='bbox 298 3709 373 3773; x_wconf 84' lang='grc'><strong>430.</strong></span> <span class='ocrx_word' id='word_1_223' title='bbox 407 3689 439 3752; x_wconf 91' lang='lat' dir='ltr'>in</span> <span class='ocrx_word' id='word_1_224' title='bbox 470 3689 636 3754; x_wconf 87' lang='lat' dir='ltr'>dimetrum</span> <span class='ocrx_word' id='word_1_225' title='bbox 665 3687 878 3776; x_wconf 84' lang='lat' dir='ltr'>conjungendi</span> <span class='ocrx_word' id='word_1_226' title='bbox 907 3687 1135 3768; x_wconf 89' lang='lat' dir='ltr'>dochmiacum,</span> <span class='ocrx_word' id='word_1_227' title='bbox 1164 3703 1195 3754; x_wconf 89' lang='lat' dir='ltr'>et</span> <span class='ocrx_word' id='word_1_228' title='bbox 1223 3690 1254 3753; x_wconf 91' lang='lat' dir='ltr'>in</span> 
     </span>
     <span class='ocr_line' id='line_1_34' title="bbox 155 3789 532 3877; baseline 0.011 -26"><span class='ocrx_word' id='word_1_229' title='bbox 155 3789 351 3877; x_wconf 85' lang='lat' dir='ltr'>antistropha</span> <span class='ocrx_word' id='word_1_230' title='bbox 365 3811 439 3877; x_wconf 90' lang='grc'><strong>434.</strong></span> <span class='ocrx_word' id='word_1_231' title='bbox 454 3811 496 3876; x_wconf 92' lang='grc'>43</span> <span class='ocrx_word' id='word_1_232' title='bbox 499 3810 532 3876; x_wconf 84' lang='lat'>5.</span> 
     </span>
    </p>

    <p class='ocr_par' dir='ltr' id='par_1_17' title="bbox 155 3890 1260 4584">
     <span class='ocr_line' id='line_1_35' title="bbox 197 3890 1258 3980; baseline 0.002 -26"><span class='ocrx_word' id='word_1_233' title='bbox 197 3910 271 3975; x_wconf 86' lang='lat'>431.</span> <span class='ocrx_word' id='word_1_234' title='bbox 292 3893 428 3972; x_wconf 82' lang='grc' dir='ltr'>ἱππηδὸν,</span> <span class='ocrx_word' id='word_1_235' title='bbox 444 3893 599 3976; x_wconf 74' lang='grc' dir='ltr'>ἀμπύκων]</span> <span class='ocrx_word' id='word_1_236' title='bbox 617 3893 734 3956; x_wconf 90' lang='lat' dir='ltr'>Versus</span> <span class='ocrx_word' id='word_1_237' title='bbox 751 3912 812 3955; x_wconf 89' lang='lat' dir='ltr'>non</span> <span class='ocrx_word' id='word_1_238' title='bbox 829 3892 1019 3980; x_wconf 85' lang='lat' dir='ltr'>respondens</span> <span class='ocrx_word' id='word_1_239' title='bbox 1032 3890 1258 3979; x_wconf 78' lang='lat' dir='ltr'>antistrophioo</span> 
     </span>
     <span class='ocr_line' id='line_1_36' title="bbox 155 3993 1255 4082; baseline 0.001 -26"><span class='ocrx_word' id='word_1_240' title='bbox 155 3994 229 4077; x_wconf 84' lang='lat'><strong>436.</strong></span> <span class='ocrx_word' id='word_1_241' title='bbox 244 3996 349 4073; x_wconf 82' lang='grc' dir='ltr'>ὁμοίαν</span> <span class='ocrx_word' id='word_1_242' title='bbox 363 3994 458 4074; x_wconf 89' lang='grc' dir='ltr'>θέμιν,</span> <span class='ocrx_word' id='word_1_243' title='bbox 474 3994 533 4058; x_wconf 87' lang='lat' dir='ltr'>nisi</span> <span class='ocrx_word' id='word_1_244' title='bbox 548 3995 688 4074; x_wconf 84' lang='grc' dir='ltr'>ὁμπίκων</span> <span class='ocrx_word' id='word_1_245' title='bbox 702 4008 846 4080; x_wconf 88' lang='lat' dir='ltr'>correpta</span> <span class='ocrx_word' id='word_1_246' title='bbox 861 3994 981 4082; x_wconf 82' lang='lat' dir='ltr'>syllaba</span> <span class='ocrx_word' id='word_1_247' title='bbox 994 3993 1096 4081; x_wconf 88' lang='lat' dir='ltr'>prima</span> <span class='ocrx_word' id='word_1_248' title='bbox 1116 4015 1255 4080; x_wconf 76' lang='lat' dir='ltr'>pronun·</span> 
     </span>
     <span class='ocr_line' id='line_1_37' title="bbox 156 4093 1257 4183; baseline 0 -26"><span class='ocrx_word' id='word_1_249' title='bbox 156 4093 236 4158; x_wconf 84' lang='lat' dir='ltr'>eiare</span> <span class='ocrx_word' id='word_1_250' title='bbox 257 4094 390 4180; x_wconf 79' lang='lat' dir='ltr'>placeat,</span> <span class='ocrx_word' id='word_1_251' title='bbox 415 4096 501 4181; x_wconf 94' lang='lat' dir='ltr'>quod</span> <span class='ocrx_word' id='word_1_252' title='bbox 529 4095 669 4161; x_wconf 86' lang='lat' dir='ltr'>Seidlero</span> <span class='ocrx_word' id='word_1_253' title='bbox 690 4095 809 4183; x_wconf 82' lang='lat' dir='ltr'>placuit</span> <span class='ocrx_word' id='word_1_254' title='bbox 833 4094 873 4160; x_wconf 88' lang='lat' dir='ltr'>de</span> <span class='ocrx_word' id='word_1_255' title='bbox 892 4119 971 4160; x_wconf 90' lang='lat' dir='ltr'>vers.</span> <span class='ocrx_word' id='word_1_256' title='bbox 996 4095 1120 4159; x_wconf 89' lang='lat' dir='ltr'>doohm.</span> <span class='ocrx_word' id='word_1_257' title='bbox 1146 4119 1180 4182; x_wconf 90' lang='lat' dir='ltr'>p.</span> <span class='ocrx_word' id='word_1_258' title='bbox 1203 4114 1257 4179; x_wconf 80' lang='lat'>25.</span> 
     </span>
     <span class='ocr_line' id='line_1_38' title="bbox 157 4196 1258 4284; baseline -0.001 -24"><span class='ocrx_word' id='word_1_259' title='bbox 157 4198 286 4260; x_wconf 87' lang='grc' dir='ltr'>ἱππαδδν</span> <span class='ocrx_word' id='word_1_260' title='bbox 304 4198 436 4283; x_wconf 86' lang='lat' dir='ltr'>conjecit</span> <span class='ocrx_word' id='word_1_261' title='bbox 458 4200 701 4284; x_wconf 87' lang='lat' dir='ltr'>Bambergerus,</span> <span class='ocrx_word' id='word_1_262' title='bbox 721 4196 840 4261; x_wconf 86' lang='lat' dir='ltr'>collatis</span> <span class='ocrx_word' id='word_1_263' title='bbox 861 4197 1015 4262; x_wconf 89' lang='lat' dir='ltr'>similibus</span> <span class='ocrx_word' id='word_1_264' title='bbox 1036 4197 1258 4261; x_wconf 88' lang='lat' dir='ltr'>adverbiorum</span> 
     </span>
     <span class='ocr_line' id='line_1_39' title="bbox 156 4296 1259 4385; baseline 0 -26"><span class='ocrx_word' id='word_1_265' title='bbox 156 4296 264 4360; x_wconf 85' lang='lat' dir='ltr'>formis</span> <span class='ocrx_word' id='word_1_266' title='bbox 293 4301 396 4361; x_wconf 86' lang='grc' dir='ltr'>ἱλαδόν</span> <span class='ocrx_word' id='word_1_267' title='bbox 423 4317 456 4362; x_wconf 92' lang='lat' dir='ltr'>et</span> <span class='ocrx_word' id='word_1_268' title='bbox 484 4301 642 4378; x_wconf 83' lang='grc' dir='ltr'>ὁμιλαδόν.</span> <span class='ocrx_word' id='word_1_269' title='bbox 687 4300 817 4363; x_wconf 86' lang='lat' dir='ltr'>Poterat</span> <span class='ocrx_word' id='word_1_270' title='bbox 846 4299 1042 4385; x_wconf 88' lang='lat' dir='ltr'>probabilius</span> <span class='ocrx_word' id='word_1_271' title='bbox 1072 4297 1193 4376; x_wconf 84' lang='grc' dir='ltr'>ἱππηδὸ,</span> <span class='ocrx_word' id='word_1_272' title='bbox 1222 4309 1259 4360; x_wconf 92' lang='lat' dir='ltr'>ut</span> 
     </span>
     <span class='ocr_line' id='line_1_40' title="bbox 158 4396 1260 4480; baseline 0.002 -21"><span class='ocrx_word' id='word_1_273' title='bbox 158 4397 327 4480; x_wconf 87' lang='grc' dir='ltr'>καναχηδὸν</span> <span class='ocrx_word' id='word_1_274' title='bbox 349 4399 509 4480; x_wconf 86' lang='grc' dir='ltr'>καναχηδιί,</span> <span class='ocrx_word' id='word_1_275' title='bbox 530 4398 707 4479; x_wconf 77' lang='grc' dir='ltr'>ἀναφανδὸν</span> <span class='ocrx_word' id='word_1_276' title='bbox 728 4399 890 4480; x_wconf 74' lang='grc' dir='ltr'>ἀναφανδά</span> <span class='ocrx_word' id='word_1_277' title='bbox 911 4414 944 4464; x_wconf 87' lang='lat' dir='ltr'>et</span> <span class='ocrx_word' id='word_1_278' title='bbox 964 4398 1025 4463; x_wconf 78' lang='lat' dir='ltr'>aliu</span> <span class='ocrx_word' id='word_1_279' title='bbox 1046 4396 1215 4461; x_wconf 83' lang='lat' dir='ltr'>dicuntur:</span> <span class='ocrx_word' id='word_1_280' title='bbox 1240 4420 1260 4461; x_wconf 79' lang='lat' dir='ltr'>a</span> 
     </span>
     <span class='ocr_line' id='line_1_41' title="bbox 156 4495 1258 4584; baseline 0.002 -26"><span class='ocrx_word' id='word_1_281' title='bbox 156 4518 221 4580; x_wconf 95' lang='lat' dir='ltr'>quo</span> <span class='ocrx_word' id='word_1_282' title='bbox 243 4518 341 4582; x_wconf 88' lang='lat' dir='ltr'>prope</span> <span class='ocrx_word' id='word_1_283' title='bbox 362 4496 464 4559; x_wconf 79' lang='lat' dir='ltr'>abfuit</span> <span class='ocrx_word' id='word_1_284' title='bbox 487 4497 632 4575; x_wconf 86' lang='lat' dir='ltr'>Botbius,</span> <span class='ocrx_word' id='word_1_285' title='bbox 651 4497 707 4582; x_wconf 91' lang='lat' dir='ltr'>qui</span> <span class='ocrx_word' id='word_1_286' title='bbox 730 4500 845 4578; x_wconf 80' lang='grc' dir='ltr'>ἱππηγδ</span> <span class='ocrx_word' id='word_1_287' title='bbox 865 4497 1007 4584; x_wconf 83' lang='lat' dir='ltr'>conjecit.</span> <span class='ocrx_word' id='word_1_288' title='bbox 1032 4496 1165 4574; x_wconf 71' lang='grc' dir='ltr'>ἱππηδὸν</span> <span class='ocrx_word' id='word_1_289' title='bbox 1179 4495 1258 4561; x_wconf 87' lang='lat' dir='ltr'>Ald.</span> 
     </span>
    </p>
   </div>
   <div class='ocr_carea' id='block_1_5' title="bbox 0 0 1505 5054">
    <p class='ocr_par' dir='ltr' id='par_1_18' title="bbox 0 0 1505 5054">
     <span class='ocr_line' id='line_1_42' title="bbox 0 0 1505 5054; baseline 0 0"><span class='ocrx_word' id='word_1_290' title='bbox 0 0 1505 5054; x_wconf 95' lang='lat' dir='ltr'> </span> 
     </span>
    </p>
   </div>
  </div>
 </body>
</html>
