2984 5054
237 345 302 407 454
597 344 974 408 ANNOTATIONES

236 509 317 574 rnala
339 509 466 597 publica
490 533 529 574 ex
556 525 695 576 veterum
722 512 867 598 opinione
889 527 1055 578 consecuta
1083 535 1160 590 esse,
1186 534 1336 599 agrorum

236 610 440 689 sterilitatem,
461 634 607 698 pecorum
630 612 726 690 luem,
747 612 912 678 mulierum
936 613 1076 692 abortus,
1096 612 1222 678 morbos
1242 612 1338 700 pesti-

236 713 342 777 lentes.
387 713 438 777 Cf.
456 715 624 801 Spanhem.
646 715 687 779 ad
703 714 827 783 Callim.
845 717 966 802 Hymn.
982 716 1013 779 in
1030 716 1125 780 Dian.
1140 739 1171 779 v.
1190 732 1250 800 125
1267 737 1336 800 sqq.

235 829 267 879 et
284 814 428 900 Sophocl.
446 815 557 902 OEdip.
574 818 655 902 Tyr.
669 840 697 880 v.
714 832 754 902 25
767 840 834 904 sqq.
857 818 903 881 Et
918 817 961 882 sio
977 817 1150 905 AEschylus
1163 813 1336 881 Eumenid.

237 939 267 978 v.
353 963 360 980 .

287 931 347 1001 797
451 1000 552 1082 ’Ὑμεῖς
565 1005 599 1066 δέ
613 1005 648 1083 τῇ
663 1008 701 1092 γῇ
716 1005 786 1092 τῇδε
800 1004 840 1085 μὴ
854 1005 952 1086 βαρὺν
967 1005 1055 1069 κότον

453 1103 622 1186 σκήψησθε,
637 1104 677 1185 μὴ
693 1110 851 1185 θυμοῦσθε,
867 1106 933 1186 μηδ’
949 1107 1097 1188 ἆκαρπίαν

452 1205 581 1283 τεύξητε.

238 1323 413 1403 δυσφρόνων
435 1317 499 1384 scil.
523 1324 599 1385 θεῶν
625 1320 690 1384 εἰπε
715 1320 813 1385 dubio
837 1321 878 1386 ad
905 1321 1063 1409 Erinnyas
1091 1321 1238 1408 pertinet,
1263 1344 1338 1409 quae

237 1419 333 1507 paulo
347 1436 418 1507 post
432 1443 460 1484 v.
475 1421 546 1487 280.
562 1420 675 1486 diserte
689 1421 909 1496 nominantur3
933 1438 966 1486 et
979 1421 1030 1488 hae
1045 1423 1192 1486 dicuntur
1205 1424 1338 1504 δύσφρο-

238 1547 297 1595 νες,
314 1522 421 1586 eodcm
445 1522 550 1603 modo,
571 1546 637 1609 quo
652 1524 819 1588 Eumenid.
835 1525 910 1608 381.
925 1537 1078 1588 vocantur
1097 1530 1194 1588 κακῶν
1209 1549 1243 1587 τε
1261 1522 1336 1601 μνή-

236 1649 327 1705 μονες
342 1627 391 1689 καὶ
405 1625 624 1708 δυσπαρήγοροι
637 1633 769 1709 βροτοῖς.
795 1627 894 1691 SCH.
939 1626 1014 1689 Non
1026 1639 1129 1712 potest
1143 1624 1203 1688 hac
1219 1624 1338 1688 ratione

236 1730 416 1808 μειλίγματα
437 1727 595 1814 explicari,
612 1728 698 1814 quod
720 1727 752 1791 in
774 1731 922 1807 μηνίματα
945 1727 1078 1792 mutavit
1093 1726 1274 1792 Lobeckius
1296 1725 1338 1790 ad

240 1829 337 1914 Sonh·
353 1830 446 1916 Ajae·
464 1846 536 1912 757·
551 1852 584 1915 r·
600 1848 674 1913 340-

283 1933 354 1997 280.
371 1930 595 2014 ἐπαμβατῆρας]
615 1929 660 1994 ἐπ’
676 1932 847 2010 ἁμβατῆρας
862 1933 911 1995 Μ.
936 1934 1144 2010 ἐπεμβατῆρας
1156 1932 1313 1993 Auratus.

284 2031 350 2118 Ipsi
365 2031 467 2095 Oresti
486 2030 623 2095 minatur
639 2031 766 2118 Apollo,
781 2054 854 2096 eum
871 2031 958 2119 lepra
974 2032 1123 2096 afflictum
1138 2030 1187 2109 iri,
1203 2029 1262 2094 nisi
1282 2052 1337 2116 pa·

240 2150 317 2198 trem
335 2132 509 2196 ulciscatur.
533 2132 698 2209 Quodnam
713 2156 813 2219 genus
827 2135 926 2198 morbi
941 2134 992 2199 hic
1009 2133 1201 2220 designetur,
1216 2130 1338 2196 etiamsi

239 2235 271 2299 in
287 2250 379 2321 poeta
390 2233 519 2320 tragico,
530 2257 549 2298 a
562 2258 628 2321 quo
643 2234 832 2298 medicorum
849 2235 1051 2300 subtilitatem
1067 2234 1153 2299 baud
1166 2249 1337 2320 exspectes,

239 2337 349 2401 inutile
362 2337 465 2400 forsan
483 2336 625 2401 videatur
643 2336 827 2423 disquirere,
843 2350 944 2400 tamen
968 2351 1148 2423 comparato
1164 2336 1247 2400 Celsi
1271 2336 1340 2400 loco

239 2437 279 2502 de
295 2436 413 2501 Medic.
429 2436 448 2500 l.
465 2458 495 2521 5.
510 2461 537 2504 c.
554 2439 607 2502 28.
628 2437 838 2502 dubitandum
860 2460 921 2500 non
936 2460 1057 2515 censeo,
1073 2437 1150 2523 quin
1167 2437 1205 2500 sit
1220 2437 1340 2522 species

238 2537 408 2625 vitiliginis,
431 2562 504 2624 quae
528 2540 619 2619 λευκὴ
640 2538 812 2604 dicebatur.
858 2537 1024 2624 “Vitiligo
1045 2561 1173 2624 quoque
1194 2538 1339 2625 quamvis

236 2663 293 2727 per
316 2662 349 2702 se
372 2638 494 2703 nullum
525 2639 698 2726 periculum
725 2639 839 2717 adfert,
862 2653 965 2705 tamen
988 2656 1019 2706 et
1041 2642 1127 2706 foeda
1152 2656 1208 2718 est,
1236 2656 1268 2706 et
1297 2665 1338 2706 ex

238 2740 320 2805 malo
344 2742 482 2826 corporis
510 2740 620 2806 habitu
645 2742 689 2804 fit.
745 2742 828 2827 ¹Ejus
857 2756 919 2807 tres
948 2743 1064 2829 species
1092 2758 1175 2807 sunt.
1215 2742 1340 2825 Ἀλφος

238 2858 377 2913 vocatur,
394 2841 448 2905 ubi
470 2840 555 2905 color
576 2841 666 2905 albus
688 2856 744 2920 est,
759 2843 825 2907 fere
844 2843 1004 2930 subasper,
1019 2859 1050 2909 et
1072 2867 1134 2909 non
1156 2843 1337 2920 continuus,

239 2950 278 3007 ut
299 2942 443 3029 quaedam
466 2944 555 3029 quasi
576 2958 677 3031 guttae
700 2945 846 3031 dispersae
865 2969 930 3010 esse
945 2944 1121 3010 videantur.
1169 2945 1338 3010 Interdum

238 3045 330 3109 etiam
346 3043 451 3122 latius,
467 3060 583 3109 etcum
600 3045 789 3130 quibusdam
806 3047 1083 3112 intermissionibus
1098 3047 1203 3133 serpit.
1227 3048 1339 3115 Μέλας

238 3145 339 3210 colore
354 3146 394 3210 ab
409 3146 467 3210 hoc
482 3146 598 3224 differt,
612 3146 685 3232 quia
701 3148 790 3234 niger
804 3163 861 3225 est,
876 3162 909 3213 et
924 3149 1045 3213 umbrae
1060 3147 1179 3211 similis.
1222 3150 1339 3214 Cetera

238 3248 346 3312 eadem
369 3262 452 3314 sunt.
495 3250 593 3328 Λευκὴ
615 3247 710 3312 habet
731 3248 881 3334 quiddam
908 3248 1006 3312 simile
1030 3247 1137 3335 alpho,
1160 3248 1215 3312 sed
1237 3249 1339 3335 magis

237 3348 343 3413 albida
357 3362 413 3426 est,
429 3366 461 3414 et
474 3349 568 3414 altius
582 3348 742 3414 descendit
754 3375 763 3424 3
787 3351 823 3412 ‘m
837 3371 933 3437 euque
946 3351 1010 3414 aldi
1019 3352 1086 3436 pili
1099 3360 1185 3429 sunt,
1200 3360 1230 3414 at
1244 3352 1339 3415 lanu-

233 3453 312 3538 gini
326 3453 452 3515 similes.
497 3451 611 3516 Omnia
626 3451 693 3514 baec
707 3460 848 3537 serpunt,
865 3451 918 3514 sed
933 3451 966 3513 in
981 3449 1048 3514 aliis
1067 3450 1207 3530 celerius,
1223 3452 1254 3515 in
1269 3451 1340 3516 aliis

239 3551 532 3629 tardius—Leuce,
548 3573 642 3637 quem
662 3550 838 3636 occupavit,
855 3550 940 3614 haud
954 3549 1044 3614 facile
1064 3550 1269 3617 dimittit.”-
1277 3556 1339 3618 Ce-

238 3666 339 3715 terum
355 3652 532 3716 scholiastes
548 3653 642 3716 verba
658 3655 767 3719 λευκὰς
781 3653 814 3714 δέ
829 3653 938 3732 κόρσας
951 3651 1012 3738 τῇδ’
1030 3654 1228 3718 ἐπαντέλλειν
1243 3658 1337 3741 νόσῳ,

239 3751 279 3814 de
293 3750 392 3814 morbi
407 3751 576 3836 pertinacia
589 3750 717 3837 accepit,
733 3750 787 3836 qui
805 3752 946 3815 Orestem
963 3775 1062 3839 usque
1080 3754 1122 3818 ad
1137 3755 1281 3821 canitiem
1298 3758 1339 3823 sit

237 3866 416 3914 vexaturus.
473 3853 590 3915 Verum
618 3851 669 3916 bic
698 3875 805 3916 sensus
830 3852 933 3916 minus
957 3870 1051 3941 aptus
1077 3873 1124 3921 est
1151 3860 1267 3939 verbis,
1296 3861 1339 3925 ab

238 3949 393 4035 AEschylo
417 3951 582 4037 diligenter
608 3953 703 4032 lectis,
727 3954 767 4017 ad
794 3954 1031 4040 significandum
1060 3960 1215 4044 peculiare
1240 3962 1341 4051 hujus

238 4048 339 4112 morbi
354 4050 526 4129 σύμπτωμα.
553 4054 651 4117 SCH.

283 4147 355 4210 281.
379 4148 507 4229 ἀρχαίαν
529 4152 633 4235 φύσιν]
653 4154 681 4216 I.
696 4176 724 4215 e.
739 4153 793 4231 τὴν
806 4153 864 4233 πρὸ
879 4159 931 4216 τοῦ
946 4164 1049 4221 νοσεῖν
1064 4159 1251 4225 κατάστασιν
1267 4163 1338 4228 He-

239 4246 347 4334 sychio
355 4246 532 4333 interprete.
554 4251 716 4336 Frequens
724 4266 770 4314 est
780 4252 977 4338 Hippocrati.
997 4257 1163 4323 VidFoes.
1174 4263 1340 4328 (Esou.—

238 4347 366 4415 Aristid.
383 4345 444 4411 vol·
464 4367 490 4411 Ι.
506 4371 536 4433 ρ.
551 4351 624 4432 637.
641 4354 692 4428 τῆς
706 4353 832 4433 ἀρχαίας
845 4354 964 4432 φύσεως
978 4357 1023 4418 ὅτι
1037 4358 1189 4438 ἐγγυτάτω
1211 4365 1339 4443 γενόμε-

240 4475 299 4516 νος.
323 4449 556 4513 ABRESCH.
