<?xml version="1.0" encoding="UTF-8"?>
<!DOCTYPE html PUBLIC "-//W3C//DTD XHTML 1.0 Transitional//EN"
    "http://www.w3.org/TR/xhtml1/DTD/xhtml1-transitional.dtd">
<html xmlns="http://www.w3.org/1999/xhtml" xml:lang="en" lang="en">
 <head>
  <title>
</title>
<meta http-equiv="Content-Type" content="text/html;charset=utf-8" />
  <meta name='ocr-system' content='tesseract 3.04.00' />
  <meta name='ocr-capabilities' content='ocr_page ocr_carea ocr_par ocr_line ocrx_word'/>
</head>
<body>
  <div class='ocr_page' id='page_1' title='image "./tragoediaesuper01aescgoog_0012.png"; bbox 0 0 2984 5054; ppageno 0'>
   <div class='ocr_carea' id='block_1_1' title="bbox 501 368 1304 443">
    <p class='ocr_par' dir='ltr' id='par_1_1' title="bbox 501 368 1304 443">
     <span class='ocr_line' id='line_1_1' title="bbox 501 368 1304 443; baseline 0.011 -11"><span class='ocrx_word' id='word_1_1' title='bbox 501 368 570 432; x_wconf 91' lang='lat' dir='ltr'>AD</span> <span class='ocrx_word' id='word_1_2' title='bbox 591 368 993 436; x_wconf 85' lang='lat' dir='ltr'>AGAMEMNONEM.</span> <span class='ocrx_word' id='word_1_3' title='bbox 1237 372 1304 443; x_wconf 75' lang='lat'>829</span> 
     </span>
    </p>
   </div>
   <div class='ocr_carea' id='block_1_2' title="bbox 191 531 1301 4576">
    <p class='ocr_par' dir='ltr' id='par_1_2' title="bbox 199 531 1301 1336">
     <span class='ocr_line' id='line_1_2' title="bbox 200 531 1301 624; baseline 0.007 -25"><span class='ocrx_word' id='word_1_4' title='bbox 200 531 328 600; x_wconf 78' lang='grc' dir='ltr'>ευίαίίο.</span> <span class='ocrx_word' id='word_1_5' title='bbox 350 534 492 623; x_wconf 87' lang='lat' dir='ltr'>Hesych.</span> <span class='ocrx_word' id='word_1_6' title='bbox 513 541 695 623; x_wconf 77' lang='grc' dir='ltr'>Φρυκτυρία·</span> <span class='ocrx_word' id='word_1_7' title='bbox 721 544 859 624; x_wconf 68' lang='grc' dir='ltr'>πυρκαϊὰ,</span> <span class='ocrx_word' id='word_1_8' title='bbox 879 545 1016 624; x_wconf 80' lang='grc' dir='ltr'>πυρσεῖα,</span> <span class='ocrx_word' id='word_1_9' title='bbox 1038 544 1169 623; x_wconf 73' lang='grc' dir='ltr'>λαμπὰς,</span> <span class='ocrx_word' id='word_1_10' title='bbox 1189 546 1301 612; x_wconf 84' lang='grc' dir='ltr'>καῦσις.</span> 
     </span>
     <span class='ocr_line' id='line_1_3' title="bbox 201 635 1300 726; baseline 0.008 -26"><span class='ocrx_word' id='word_1_11' title='bbox 201 635 389 724; x_wconf 86' lang='lat' dir='ltr'>Harpocrat.</span> <span class='ocrx_word' id='word_1_12' title='bbox 405 643 592 723; x_wconf 85' lang='grc' dir='ltr'>Φρυκταιρεῖυ</span> <span class='ocrx_word' id='word_1_13' title='bbox 606 643 671 706; x_wconf 79' lang='grc' dir='ltr'>ἐστι</span> <span class='ocrx_word' id='word_1_14' title='bbox 686 644 789 725; x_wconf 74' lang='lat' dir='ltr'>optes</span> <span class='ocrx_word' id='word_1_15' title='bbox 806 643 840 706; x_wconf 86' lang='grc' dir='ltr'>τὸ</span> <span class='ocrx_word' id='word_1_16' title='bbox 860 647 909 708; x_wconf 74' lang='grc' dir='ltr'>διὰ</span> <span class='ocrx_word' id='word_1_17' title='bbox 928 649 1049 726; x_wconf 83' lang='grc' dir='ltr'>πυρσῦν</span> <span class='ocrx_word' id='word_1_18' title='bbox 1063 644 1300 725; x_wconf 72' lang='grc' dir='ltr'>ἀνατειναμένου</span> 
     </span>
     <span class='ocr_line' id='line_1_4' title="bbox 201 742 1299 833; baseline 0.008 -29"><span class='ocrx_word' id='word_1_19' title='bbox 201 742 357 820; x_wconf 90' lang='grc' dir='ltr'>σημαίνειν</span> <span class='ocrx_word' id='word_1_20' title='bbox 364 744 473 808; x_wconf 86' lang='grc' dir='ltr'>ὁτιοῦν.</span> <span class='ocrx_word' id='word_1_21' title='bbox 493 746 660 829; x_wconf 87' lang='grc' dir='ltr'>Δείναρχος</span> <span class='ocrx_word' id='word_1_22' title='bbox 668 747 904 833; x_wconf 79' lang='grc' dir='ltr'>έντῇΑίσχίνου</span> <span class='ocrx_word' id='word_1_23' title='bbox 912 746 1074 831; x_wconf 68' lang='grc' dir='ltr'>συνηγορίᾳ</span> <span class='ocrx_word' id='word_1_24' title='bbox 1083 749 1158 810; x_wconf 74' lang='grc' dir='ltr'>κατὰ</span> <span class='ocrx_word' id='word_1_25' title='bbox 1167 747 1299 813; x_wconf 86' lang='grc' dir='ltr'>Δεινίου.</span> 
     </span>
     <span class='ocr_line' id='line_1_5' title="bbox 202 839 1297 935; baseline 0.007 -32"><span class='ocrx_word' id='word_1_26' title='bbox 202 839 351 930; x_wconf 83' lang='lat' dir='ltr'>Thucyd.</span> <span class='ocrx_word' id='word_1_27' title='bbox 365 865 400 930; x_wconf 82' lang='lat'>3,</span> <span class='ocrx_word' id='word_1_28' title='bbox 417 862 468 911; x_wconf 69' lang='grc' dir='ltr'>δν.</span> <span class='ocrx_word' id='word_1_29' title='bbox 487 849 614 929; x_wconf 88' lang='grc' dir='ltr'>φριικτοί</span> <span class='ocrx_word' id='word_1_30' title='bbox 631 869 666 911; x_wconf 88' lang='grc' dir='ltr'>τε</span> <span class='ocrx_word' id='word_1_31' title='bbox 685 845 792 935; x_wconf 74' lang='grc' dir='ltr'>ᾔροντο</span> <span class='ocrx_word' id='word_1_32' title='bbox 815 851 847 916; x_wconf 77' lang='grc' dir='ltr'>ἐς</span> <span class='ocrx_word' id='word_1_33' title='bbox 866 851 920 917; x_wconf 69' lang='grc' dir='ltr'>τὰς</span> <span class='ocrx_word' id='word_1_34' title='bbox 934 848 1044 929; x_wconf 74' lang='grc' dir='ltr'>Θήβας</span> <span class='ocrx_word' id='word_1_35' title='bbox 1064 846 1213 927; x_wconf 80' lang='grc' dir='ltr'>πολέμιοι.</span> <span class='ocrx_word' id='word_1_36' title='bbox 1237 868 1297 912; x_wconf 87' lang='grc' dir='ltr'>πα-</span> 
     </span>
     <span class='ocr_line' id='line_1_6' title="bbox 199 941 1299 1031; baseline 0.004 -24"><span class='ocrx_word' id='word_1_37' title='bbox 199 941 346 1027; x_wconf 73' lang='grc' dir='ltr'>ρόνιοχον</span> <span class='ocrx_word' id='word_1_38' title='bbox 360 948 393 1009; x_wconf 72' lang='grc' dir='ltr'>δὲ</span> <span class='ocrx_word' id='word_1_39' title='bbox 408 947 457 1010; x_wconf 77' lang='grc' dir='ltr'>καὶ</span> <span class='ocrx_word' id='word_1_40' title='bbox 470 949 500 1011; x_wconf 72' lang='grc' dir='ltr'>οἱ</span> <span class='ocrx_word' id='word_1_41' title='bbox 515 949 548 1011; x_wconf 79' lang='grc' dir='ltr'>ἐκ</span> <span class='ocrx_word' id='word_1_42' title='bbox 562 951 612 1027; x_wconf 74' lang='grc' dir='ltr'>τῆς</span> <span class='ocrx_word' id='word_1_43' title='bbox 625 950 742 1016; x_wconf 75' lang='grc' dir='ltr'>πόλεως</span> <span class='ocrx_word' id='word_1_44' title='bbox 755 953 909 1028; x_wconf 73' lang='grc' dir='ltr'>Πλαταιῆς</span> <span class='ocrx_word' id='word_1_45' title='bbox 923 947 983 1013; x_wconf 76' lang='grc' dir='ltr'>ἀπὸ</span> <span class='ocrx_word' id='word_1_46' title='bbox 997 952 1049 1012; x_wconf 92' lang='grc' dir='ltr'>τοῦ</span> <span class='ocrx_word' id='word_1_47' title='bbox 1068 950 1185 1031; x_wconf 88' lang='grc' dir='ltr'>τείχους</span> <span class='ocrx_word' id='word_1_48' title='bbox 1206 955 1299 1031; x_wconf 83' lang='grc' dir='ltr'>φρνκ·</span> 
     </span>
     <span class='ocr_line' id='line_1_7' title="bbox 200 1045 1300 1132; baseline 0.007 -24"><span class='ocrx_word' id='word_1_49' title='bbox 200 1045 268 1112; x_wconf 75' lang='grc' dir='ltr'>τοὺς</span> <span class='ocrx_word' id='word_1_50' title='bbox 290 1047 432 1122; x_wconf 76' lang='grc' dir='ltr'>πολλοὺς,</span> <span class='ocrx_word' id='word_1_51' title='bbox 454 1052 599 1131; x_wconf 89' lang='grc' dir='ltr'>πρότερον</span> <span class='ocrx_word' id='word_1_52' title='bbox 620 1049 918 1132; x_wconf 71' lang='grc' dir='ltr'>παρεσκευασμένους</span> <span class='ocrx_word' id='word_1_53' title='bbox 944 1052 975 1118; x_wconf 82' lang='grc' dir='ltr'>ές</span> <span class='ocrx_word' id='word_1_54' title='bbox 999 1048 1070 1114; x_wconf 83' lang='grc' dir='ltr'>αῦτὸ</span> <span class='ocrx_word' id='word_1_55' title='bbox 1096 1052 1193 1122; x_wconf 87' lang='grc' dir='ltr'>τοῦτο,</span> <span class='ocrx_word' id='word_1_56' title='bbox 1220 1050 1300 1116; x_wconf 72' lang='lat' dir='ltr'>duur</span> 
     </span>
     <span class='ocr_line' id='line_1_8' title="bbox 199 1148 1300 1236; baseline 0.003 -24"><span class='ocrx_word' id='word_1_57' title='bbox 199 1148 304 1232; x_wconf 83' lang='grc' dir='ltr'>ἆσαφῆ</span> <span class='ocrx_word' id='word_1_58' title='bbox 318 1152 356 1214; x_wconf 71' lang='grc' dir='ltr'>τὰ</span> <span class='ocrx_word' id='word_1_59' title='bbox 370 1157 479 1231; x_wconf 81' lang='grc' dir='ltr'>σημεῖα</span> <span class='ocrx_word' id='word_1_60' title='bbox 492 1156 544 1232; x_wconf 84' lang='grc' dir='ltr'>τῆς</span> <span class='ocrx_word' id='word_1_61' title='bbox 558 1155 741 1236; x_wconf 77' lang='grc' dir='ltr'>φρυκτωρίας</span> <span class='ocrx_word' id='word_1_62' title='bbox 762 1158 824 1220; x_wconf 83' lang='grc' dir='ltr'>τοῖς</span> <span class='ocrx_word' id='word_1_63' title='bbox 845 1153 999 1232; x_wconf 82' lang='grc' dir='ltr'>πολεμίοις</span> <span class='ocrx_word' id='word_1_64' title='bbox 1022 1153 1079 1231; x_wconf 71' lang='grc' dir='ltr'>εἴη,</span> <span class='ocrx_word' id='word_1_65' title='bbox 1096 1150 1145 1215; x_wconf 74' lang='grc' dir='ltr'>καὶ</span> <span class='ocrx_word' id='word_1_66' title='bbox 1164 1149 1205 1231; x_wconf 80' lang='grc' dir='ltr'>μὴ</span> <span class='ocrx_word' id='word_1_67' title='bbox 1225 1157 1300 1231; x_wconf 90' lang='grc' dir='ltr'>βοη-</span> 
     </span>
     <span class='ocr_line' id='line_1_9' title="bbox 199 1251 815 1336; baseline 0.002 -21"><span class='ocrx_word' id='word_1_68' title='bbox 199 1255 290 1315; x_wconf 80' lang='grc' dir='ltr'>θοῖεν.</span> <span class='ocrx_word' id='word_1_69' title='bbox 306 1251 347 1316; x_wconf 76' lang='lat' dir='ltr'>cs.</span> <span class='ocrx_word' id='word_1_70' title='bbox 362 1274 389 1317; x_wconf 90' lang='lat' dir='ltr'>c.</span> <span class='ocrx_word' id='word_1_71' title='bbox 405 1253 456 1317; x_wconf 89' lang='lat'>80.</span> <span class='ocrx_word' id='word_1_72' title='bbox 472 1267 504 1317; x_wconf 90' lang='lat' dir='ltr'>et</span> <span class='ocrx_word' id='word_1_73' title='bbox 520 1272 550 1332; x_wconf 76' lang='lat' dir='ltr'>a,</span> <span class='ocrx_word' id='word_1_74' title='bbox 565 1275 616 1336; x_wconf 87' lang='lat'>94</span> <span class='ocrx_word' id='word_1_75' title='bbox 640 1254 815 1319; x_wconf 85' lang='lat' dir='ltr'>BLOMF.</span> 
     </span>
    </p>

    <p class='ocr_par' dir='ltr' id='par_1_3' title="bbox 192 1351 1298 3790">
     <span class='ocr_line' id='line_1_10' title="bbox 240 1351 1298 1442; baseline 0.001 -25"><span class='ocrx_word' id='word_1_76' title='bbox 240 1354 293 1438; x_wconf 83' lang='lat'>36.</span> <span class='ocrx_word' id='word_1_77' title='bbox 322 1360 398 1434; x_wconf 88' lang='grc' dir='ltr'>βοῦς</span> <span class='ocrx_word' id='word_1_78' title='bbox 423 1356 472 1419; x_wconf 65' lang='lat' dir='ltr'>tut</span> <span class='ocrx_word' id='word_1_79' title='bbox 497 1356 636 1442; x_wconf 83' lang='grc' dir='ltr'>γλόσση]</span> <span class='ocrx_word' id='word_1_80' title='bbox 665 1353 871 1420; x_wconf 88' lang='lat' dir='ltr'>Proverbium</span> <span class='ocrx_word' id='word_1_81' title='bbox 899 1352 1093 1418; x_wconf 87' lang='lat' dir='ltr'>notissimum</span> <span class='ocrx_word' id='word_1_82' title='bbox 1119 1352 1160 1417; x_wconf 90' lang='lat' dir='ltr'>de</span> <span class='ocrx_word' id='word_1_83' title='bbox 1183 1351 1220 1417; x_wconf 90' lang='lat' dir='ltr'>iis</span> <span class='ocrx_word' id='word_1_84' title='bbox 1241 1352 1298 1440; x_wconf 90' lang='lat' dir='ltr'>qul</span> 
     </span>
     <span class='ocr_line' id='line_1_11' title="bbox 197 1454 1296 1544; baseline 0.002 -26"><span class='ocrx_word' id='word_1_85' title='bbox 197 1454 331 1540; x_wconf 77' lang='lat' dir='ltr'>pecuma</span> <span class='ocrx_word' id='word_1_86' title='bbox 350 1455 489 1543; x_wconf 89' lang='lat' dir='ltr'>corrupti</span> <span class='ocrx_word' id='word_1_87' title='bbox 511 1480 548 1521; x_wconf 85' lang='lat' dir='ltr'>ea</span> <span class='ocrx_word' id='word_1_88' title='bbox 569 1470 682 1534; x_wconf 85' lang='lat' dir='ltr'>tacent,</span> <span class='ocrx_word' id='word_1_89' title='bbox 698 1479 771 1544; x_wconf 79' lang='lat' dir='ltr'>quie</span> <span class='ocrx_word' id='word_1_90' title='bbox 792 1456 897 1544; x_wconf 87' lang='lat' dir='ltr'>eloqui</span> <span class='ocrx_word' id='word_1_91' title='bbox 918 1470 950 1521; x_wconf 91' lang='lat' dir='ltr'>et</span> <span class='ocrx_word' id='word_1_92' title='bbox 972 1455 1105 1543; x_wconf 86' lang='lat' dir='ltr'>prodere</span> <span class='ocrx_word' id='word_1_93' title='bbox 1126 1454 1296 1520; x_wconf 77' lang='lat' dir='ltr'>deberentr</span> 
     </span>
     <span class='ocr_line' id='line_1_12' title="bbox 198 1556 1296 1647; baseline 0.002 -27"><span class='ocrx_word' id='word_1_94' title='bbox 198 1556 382 1622; x_wconf 83' lang='lat' dir='ltr'>translatum</span> <span class='ocrx_word' id='word_1_95' title='bbox 397 1557 511 1624; x_wconf 90' lang='lat' dir='ltr'>deinde</span> <span class='ocrx_word' id='word_1_96' title='bbox 524 1558 566 1623; x_wconf 92' lang='lat' dir='ltr'>ad</span> <span class='ocrx_word' id='word_1_97' title='bbox 580 1559 660 1638; x_wconf 88' lang='lat' dir='ltr'>illos,</span> <span class='ocrx_word' id='word_1_98' title='bbox 672 1559 728 1646; x_wconf 93' lang='lat' dir='ltr'>qui</span> <span class='ocrx_word' id='word_1_99' title='bbox 742 1573 871 1647; x_wconf 88' lang='lat' dir='ltr'>propter</span> <span class='ocrx_word' id='word_1_100' title='bbox 885 1559 1027 1623; x_wconf 89' lang='lat' dir='ltr'>timorem</span> <span class='ocrx_word' id='word_1_101' title='bbox 1040 1558 1104 1623; x_wconf 88' lang='lat' dir='ltr'>sive</span> <span class='ocrx_word' id='word_1_102' title='bbox 1115 1557 1157 1623; x_wconf 93' lang='lat' dir='ltr'>ob</span> <span class='ocrx_word' id='word_1_103' title='bbox 1170 1556 1296 1622; x_wconf 77' lang='lat' dir='ltr'>mulctae</span> 
     </span>
     <span class='ocr_line' id='line_1_13' title="bbox 198 1658 1296 1747; baseline 0.001 -25"><span class='ocrx_word' id='word_1_104' title='bbox 198 1673 317 1723; x_wconf 89' lang='lat' dir='ltr'>metum</span> <span class='ocrx_word' id='word_1_105' title='bbox 332 1658 428 1724; x_wconf 88' lang='lat' dir='ltr'>libere</span> <span class='ocrx_word' id='word_1_106' title='bbox 442 1659 528 1747; x_wconf 90' lang='lat' dir='ltr'>loqui</span> <span class='ocrx_word' id='word_1_107' title='bbox 542 1683 605 1726; x_wconf 90' lang='lat' dir='ltr'>non</span> <span class='ocrx_word' id='word_1_108' title='bbox 618 1660 779 1726; x_wconf 78' lang='lat' dir='ltr'><strong>auderent.</strong></span> <span class='ocrx_word' id='word_1_109' title='bbox 824 1663 871 1725; x_wconf 91' lang='lat' dir='ltr'>Et</span> <span class='ocrx_word' id='word_1_110' title='bbox 892 1660 972 1724; x_wconf 89' lang='lat' dir='ltr'>hanc</span> <span class='ocrx_word' id='word_1_111' title='bbox 993 1658 1121 1746; x_wconf 87' lang='lat' dir='ltr'>quidem</span> <span class='ocrx_word' id='word_1_112' title='bbox 1144 1658 1296 1724; x_wconf 89' lang='lat' dir='ltr'>rationem</span> 
     </span>
     <span class='ocr_line' id='line_1_14' title="bbox 197 1757 1296 1849; baseline 0.003 -27"><span class='ocrx_word' id='word_1_113' title='bbox 197 1757 248 1822; x_wconf 93' lang='lat' dir='ltr'>hic</span> <span class='ocrx_word' id='word_1_114' title='bbox 276 1757 389 1839; x_wconf 85' lang='lat' dir='ltr'>valere,</span> <span class='ocrx_word' id='word_1_115' title='bbox 414 1782 433 1823; x_wconf 95' lang='lat' dir='ltr'>e</span> <span class='ocrx_word' id='word_1_116' title='bbox 461 1760 583 1847; x_wconf 91' lang='lat' dir='ltr'>reliquo</span> <span class='ocrx_word' id='word_1_117' title='bbox 610 1762 812 1849; x_wconf 87' lang='lat' dir='ltr'>speculatoris</span> <span class='ocrx_word' id='word_1_118' title='bbox 834 1783 975 1826; x_wconf 80' lang='lat' dir='ltr'>sermone</span> <span class='ocrx_word' id='word_1_119' title='bbox 999 1759 1167 1848; x_wconf 84' lang='lat' dir='ltr'>colligitur.</span> <span class='ocrx_word' id='word_1_120' title='bbox 1211 1762 1296 1825; x_wconf 90' lang='lat' dir='ltr'>Cum</span> 
     </span>
     <span class='ocr_line' id='line_1_15' title="bbox 197 1859 1296 1950; baseline 0.004 -27"><span class='ocrx_word' id='word_1_121' title='bbox 197 1859 279 1924; x_wconf 91' lang='lat' dir='ltr'>enim</span> <span class='ocrx_word' id='word_1_122' title='bbox 302 1860 368 1926; x_wconf 82' lang='lat' dir='ltr'>fido</span> <span class='ocrx_word' id='word_1_123' title='bbox 388 1861 428 1927; x_wconf 88' lang='lat' dir='ltr'>sit</span> <span class='ocrx_word' id='word_1_124' title='bbox 449 1861 482 1927; x_wconf 93' lang='lat' dir='ltr'>in</span> <span class='ocrx_word' id='word_1_125' title='bbox 497 1865 767 1950; x_wconf 78' lang='lat' dir='ltr'>Agamemnonem</span> <span class='ocrx_word' id='word_1_126' title='bbox 789 1863 905 1942; x_wconf 91' lang='lat' dir='ltr'>animo,</span> <span class='ocrx_word' id='word_1_127' title='bbox 922 1886 985 1927; x_wconf 91' lang='lat' dir='ltr'>non</span> <span class='ocrx_word' id='word_1_128' title='bbox 1006 1863 1148 1950; x_wconf 86' lang='lat' dir='ltr'>profecto</span> <span class='ocrx_word' id='word_1_129' title='bbox 1169 1861 1200 1927; x_wconf 93' lang='lat' dir='ltr'>in</span> <span class='ocrx_word' id='word_1_130' title='bbox 1222 1885 1296 1927; x_wconf 93' lang='lat' dir='ltr'>eum</span> 
     </span>
     <span class='ocr_line' id='line_1_16' title="bbox 196 1963 1297 2053; baseline 0.004 -25"><span class='ocrx_word' id='word_1_131' title='bbox 196 1963 383 2052; x_wconf 76' lang='lat' dir='ltr'>corruptelae</span> <span class='ocrx_word' id='word_1_132' title='bbox 402 1965 536 2053; x_wconf 89' lang='lat' dir='ltr'>suspicio</span> <span class='ocrx_word' id='word_1_133' title='bbox 553 1966 647 2032; x_wconf 88' lang='lat' dir='ltr'>cadit.</span> <span class='ocrx_word' id='word_1_134' title='bbox 692 1966 813 2032; x_wconf 85' lang='lat' dir='ltr'>Suides</span> <span class='ocrx_word' id='word_1_135' title='bbox 837 1971 913 2033; x_wconf 91' lang='grc' dir='ltr'>Βοῦς</span> <span class='ocrx_word' id='word_1_136' title='bbox 935 1965 985 2031; x_wconf 70' lang='grc' dir='ltr'>ἐπὶ</span> <span class='ocrx_word' id='word_1_137' title='bbox 1006 1966 1147 2049; x_wconf 81' lang='grc' dir='ltr'>γλόττης.</span> <span class='ocrx_word' id='word_1_138' title='bbox 1171 1969 1297 2032; x_wconf 74' lang='grc' dir='ltr'>ἐπὶτῶν</span> 
     </span>
     <span class='ocr_line' id='line_1_17' title="bbox 196 2066 1295 2152; baseline 0.001 -21"><span class='ocrx_word' id='word_1_139' title='bbox 196 2066 237 2146; x_wconf 73' lang='grc' dir='ltr'>μὴ</span> <span class='ocrx_word' id='word_1_140' title='bbox 250 2067 422 2147; x_wconf 84' lang='grc' dir='ltr'>δυναμένου</span> <span class='ocrx_word' id='word_1_141' title='bbox 435 2069 697 2150; x_wconf 74' lang='grc' dir='ltr'>παρρησιάζεσθαι·</span> <span class='ocrx_word' id='word_1_142' title='bbox 719 2067 800 2150; x_wconf 76' lang='grc' dir='ltr'>ἢδιᾶ</span> <span class='ocrx_word' id='word_1_143' title='bbox 813 2069 868 2149; x_wconf 67' lang='grc' dir='ltr'>τὴν</span> <span class='ocrx_word' id='word_1_144' title='bbox 883 2069 972 2152; x_wconf 80' lang='grc' dir='ltr'>ίσχὺν</span> <span class='ocrx_word' id='word_1_145' title='bbox 986 2074 1038 2132; x_wconf 93' lang='grc' dir='ltr'>τοῦ</span> <span class='ocrx_word' id='word_1_146' title='bbox 1057 2070 1139 2144; x_wconf 77' lang='lat' dir='ltr'>(dcv,</span> <span class='ocrx_word' id='word_1_147' title='bbox 1155 2066 1174 2149; x_wconf 82' lang='grc' dir='ltr'>ἦ</span> <span class='ocrx_word' id='word_1_148' title='bbox 1194 2073 1243 2134; x_wconf 78' lang='grc' dir='ltr'>διδ</span> <span class='ocrx_word' id='word_1_149' title='bbox 1261 2068 1295 2132; x_wconf 82' lang='grc' dir='ltr'>τὸ</span> 
     </span>
     <span class='ocr_line' id='line_1_18' title="bbox 196 2167 1297 2255; baseline 0.005 -24"><span class='ocrx_word' id='word_1_150' title='bbox 196 2174 256 2232; x_wconf 85' lang='grc' dir='ltr'>τῦν</span> <span class='ocrx_word' id='word_1_151' title='bbox 269 2167 437 2248; x_wconf 77' lang='grc' dir='ltr'>Ἀθηναίων</span> <span class='ocrx_word' id='word_1_152' title='bbox 452 2171 582 2251; x_wconf 92' lang='grc' dir='ltr'>νόμισμα</span> <span class='ocrx_word' id='word_1_153' title='bbox 600 2176 678 2253; x_wconf 89' lang='grc' dir='ltr'>βοῦν</span> <span class='ocrx_word' id='word_1_154' title='bbox 693 2172 776 2255; x_wconf 77' lang='grc' dir='ltr'>ἔχειν</span> <span class='ocrx_word' id='word_1_155' title='bbox 791 2169 1061 2254; x_wconf 70' lang='grc' dir='ltr'>ἐγκεχαραγμένην,</span> <span class='ocrx_word' id='word_1_156' title='bbox 1077 2173 1151 2254; x_wconf 81' lang='grc' dir='ltr'>ὅπερ</span> <span class='ocrx_word' id='word_1_157' title='bbox 1170 2172 1297 2236; x_wconf 76' lang='grc' dir='ltr'>ίκτίνειν</span> 
     </span>
     <span class='ocr_line' id='line_1_19' title="bbox 198 2268 1294 2360; baseline 0.003 -27"><span class='ocrx_word' id='word_1_158' title='bbox 198 2268 257 2334; x_wconf 73' lang='grc' dir='ltr'>ἔδει</span> <span class='ocrx_word' id='word_1_159' title='bbox 281 2270 349 2338; x_wconf 78' lang='grc' dir='ltr'>τοῦς</span> <span class='ocrx_word' id='word_1_160' title='bbox 373 2274 668 2354; x_wconf 71' lang='grc' dir='ltr'>παρρησιαζομένους.</span> <span class='ocrx_word' id='word_1_161' title='bbox 692 2274 814 2339; x_wconf 90' lang='lat' dir='ltr'>Eadem</span> <span class='ocrx_word' id='word_1_162' title='bbox 840 2272 935 2338; x_wconf 89' lang='lat' dir='ltr'>habet</span> <span class='ocrx_word' id='word_1_163' title='bbox 957 2272 1100 2360; x_wconf 87' lang='lat' dir='ltr'>Hesych.</span> <span class='ocrx_word' id='word_1_164' title='bbox 1125 2272 1177 2338; x_wconf 82' lang='lat' dir='ltr'>Cf.</span> <span class='ocrx_word' id='word_1_165' title='bbox 1200 2272 1294 2338; x_wconf 85' lang='lat' dir='ltr'>etiam</span> 
     </span>
     <span class='ocr_line' id='line_1_20' title="bbox 198 2371 1296 2459; baseline 0.005 -25"><span class='ocrx_word' id='word_1_166' title='bbox 198 2371 319 2437; x_wconf 90' lang='lat' dir='ltr'>Polluc.</span> <span class='ocrx_word' id='word_1_167' title='bbox 342 2394 372 2459; x_wconf 88' lang='lat'>9.</span> <span class='ocrx_word' id='word_1_168' title='bbox 396 2376 447 2440; x_wconf 80' lang='lat'>62.</span> <span class='ocrx_word' id='word_1_169' title='bbox 479 2376 599 2440; x_wconf 84' lang='lat' dir='ltr'>Athen.</span> <span class='ocrx_word' id='word_1_170' title='bbox 616 2394 665 2443; x_wconf 82' lang='lat'>12.</span> <span class='ocrx_word' id='word_1_171' title='bbox 686 2394 734 2442; x_wconf 85' lang='lat'>12.</span> <span class='ocrx_word' id='word_1_172' title='bbox 758 2397 776 2440; x_wconf 91' lang='lat' dir='ltr'>e</span> <span class='ocrx_word' id='word_1_173' title='bbox 802 2373 972 2439; x_wconf 84' lang='lat' dir='ltr'>Menandri</span> <span class='ocrx_word' id='word_1_174' title='bbox 995 2374 1218 2452; x_wconf 85' lang='lat' dir='ltr'>Piscatoribus,</span> <span class='ocrx_word' id='word_1_175' title='bbox 1239 2374 1296 2440; x_wconf 92' lang='lat' dir='ltr'>ubi</span> 
     </span>
     <span class='ocr_line' id='line_1_21' title="bbox 197 2473 1292 2559; baseline 0.005 -22"><span class='ocrx_word' id='word_1_176' title='bbox 197 2473 349 2559; x_wconf 87' lang='lat' dir='ltr'>quosdam</span> <span class='ocrx_word' id='word_1_177' title='bbox 371 2473 479 2540; x_wconf 78' lang='lat' dir='ltr'>exules</span> <span class='ocrx_word' id='word_1_178' title='bbox 503 2477 706 2541; x_wconf 84' lang='lat' dir='ltr'>Heracleotae</span> <span class='ocrx_word' id='word_1_179' title='bbox 730 2475 908 2554; x_wconf 82' lang='lat' dir='ltr'>induxerat,</span> <span class='ocrx_word' id='word_1_180' title='bbox 931 2474 1016 2539; x_wconf 91' lang='lat' dir='ltr'>hunc</span> <span class='ocrx_word' id='word_1_181' title='bbox 1037 2498 1162 2540; x_wconf 87' lang='lat' dir='ltr'>versum</span> <span class='ocrx_word' id='word_1_182' title='bbox 1184 2476 1292 2542; x_wconf 84' lang='lat' dir='ltr'>affert:</span> 
     </span>
     <span class='ocr_line' id='line_1_22' title="bbox 196 2577 1294 2665; baseline 0.003 -25"><span class='ocrx_word' id='word_1_183' title='bbox 196 2577 293 2659; x_wconf 76' lang='grc' dir='ltr'>παχὺς</span> <span class='ocrx_word' id='word_1_184' title='bbox 313 2580 374 2658; x_wconf 74' lang='grc' dir='ltr'>γὰρ</span> <span class='ocrx_word' id='word_1_185' title='bbox 393 2578 427 2645; x_wconf 84' lang='grc' dir='ltr'>ῦς</span> <span class='ocrx_word' id='word_1_186' title='bbox 448 2577 532 2643; x_wconf 75' lang='grc' dir='ltr'>ἔκειτ’</span> <span class='ocrx_word' id='word_1_187' title='bbox 558 2579 607 2643; x_wconf 79' lang='grc' dir='ltr'>ἐπὶ</span> <span class='ocrx_word' id='word_1_188' title='bbox 630 2581 735 2658; x_wconf 87' lang='grc' dir='ltr'>στόμα,</span> <span class='ocrx_word' id='word_1_189' title='bbox 761 2600 855 2665; x_wconf 90' lang='lat' dir='ltr'>quem</span> <span class='ocrx_word' id='word_1_190' title='bbox 878 2578 1085 2642; x_wconf 84' lang='lat' dir='ltr'>Casaubonus</span> <span class='ocrx_word' id='word_1_191' title='bbox 1108 2577 1139 2641; x_wconf 89' lang='lat' dir='ltr'>in</span> <span class='ocrx_word' id='word_1_192' title='bbox 1163 2577 1294 2643; x_wconf 90' lang='lat' dir='ltr'>eandem</span> 
     </span>
     <span class='ocr_line' id='line_1_23' title="bbox 196 2678 1296 2768; baseline 0.003 -26"><span class='ocrx_word' id='word_1_193' title='bbox 196 2678 379 2743; x_wconf 84' lang='lat' dir='ltr'>sententiam</span> <span class='ocrx_word' id='word_1_194' title='bbox 402 2679 635 2768; x_wconf 91' lang='lat' dir='ltr'>interpretatur.</span> <span class='ocrx_word' id='word_1_195' title='bbox 659 2682 802 2746; x_wconf 76' lang='lat' dir='ltr'>Scirum.</span> <span class='ocrx_word' id='word_1_196' title='bbox 848 2679 972 2754; x_wconf 79' lang='lat' dir='ltr'>scidas,</span> <span class='ocrx_word' id='word_1_197' title='bbox 990 2679 1170 2767; x_wconf 83' lang='lat' dir='ltr'>Hesychius</span> <span class='ocrx_word' id='word_1_198' title='bbox 1186 2694 1219 2744; x_wconf 91' lang='lat' dir='ltr'>et</span> <span class='ocrx_word' id='word_1_199' title='bbox 1235 2682 1296 2745; x_wconf 87' lang='lat' dir='ltr'>Ze-</span> 
     </span>
     <span class='ocr_line' id='line_1_24' title="bbox 195 2780 1295 2870; baseline 0.003 -26"><span class='ocrx_word' id='word_1_200' title='bbox 195 2780 309 2845; x_wconf 90' lang='lat' dir='ltr'>nobius</span> <span class='ocrx_word' id='word_1_201' title='bbox 329 2780 437 2847; x_wconf 80' lang='lat' dir='ltr'>eedem</span> <span class='ocrx_word' id='word_1_202' title='bbox 460 2781 525 2847; x_wconf 83' lang='lat' dir='ltr'>fere</span> <span class='ocrx_word' id='word_1_203' title='bbox 540 2783 635 2847; x_wconf 86' lang='lat' dir='ltr'>verba</span> <span class='ocrx_word' id='word_1_204' title='bbox 650 2797 884 2870; x_wconf 72' lang='lat' dir='ltr'>repraesentent.</span> <span class='ocrx_word' id='word_1_205' title='bbox 930 2781 1000 2846; x_wconf 90' lang='lat' dir='ltr'>Vid.</span> <span class='ocrx_word' id='word_1_206' title='bbox 1018 2784 1128 2869; x_wconf 89' lang='lat' dir='ltr'>Synes.</span> <span class='ocrx_word' id='word_1_207' title='bbox 1143 2783 1207 2868; x_wconf 85' lang='lat' dir='ltr'>Ep.</span> <span class='ocrx_word' id='word_1_208' title='bbox 1224 2799 1295 2868; x_wconf 84' lang='lat'>153.</span> 
     </span>
     <span class='ocr_line' id='line_1_25' title="bbox 196 2883 1294 2972; baseline 0 -24"><span class='ocrx_word' id='word_1_209' title='bbox 196 2883 319 2949; x_wconf 86' lang='lat' dir='ltr'>Polluc.</span> <span class='ocrx_word' id='word_1_210' title='bbox 336 2904 369 2969; x_wconf 91' lang='lat'>9,</span> <span class='ocrx_word' id='word_1_211' title='bbox 385 2885 436 2950; x_wconf 83' lang='lat'>62.</span> <span class='ocrx_word' id='word_1_212' title='bbox 452 2885 575 2950; x_wconf 81' lang='lat' dir='ltr'>Julian.</span> <span class='ocrx_word' id='word_1_213' title='bbox 590 2886 646 2949; x_wconf 92' lang='lat' dir='ltr'>Or.</span> <span class='ocrx_word' id='word_1_214' title='bbox 663 2901 693 2969; x_wconf 88' lang='lat'>7.</span> <span class='ocrx_word' id='word_1_215' title='bbox 716 2908 749 2972; x_wconf 91' lang='lat' dir='ltr'>p.</span> <span class='ocrx_word' id='word_1_216' title='bbox 766 2883 838 2951; x_wconf 86' lang='lat'>218.</span> <span class='ocrx_word' id='word_1_217' title='bbox 860 2884 914 2949; x_wconf 86' lang='grc' dir='ltr'>τὸν</span> <span class='ocrx_word' id='word_1_218' title='bbox 935 2890 1013 2965; x_wconf 93' lang='grc' dir='ltr'>βοῦν</span> <span class='ocrx_word' id='word_1_219' title='bbox 1035 2886 1067 2948; x_wconf 67' lang='lat' dir='ltr'>bl</span> <span class='ocrx_word' id='word_1_220' title='bbox 1090 2886 1237 2965; x_wconf 75' lang='grc' dir='ltr'>ἐπιτίθημι</span> <span class='ocrx_word' id='word_1_221' title='bbox 1258 2886 1294 2972; x_wconf 78' lang='grc' dir='ltr'>τῇ</span> 
     </span>
     <span class='ocr_line' id='line_1_26' title="bbox 194 2984 1294 3075; baseline -0.001 -24"><span class='ocrx_word' id='word_1_222' title='bbox 194 2988 323 3073; x_wconf 78' lang='grc' dir='ltr'>γλόττη.</span> <span class='ocrx_word' id='word_1_223' title='bbox 368 2986 518 3052; x_wconf 76' lang='lat' dir='ltr'>Dubitari</span> <span class='ocrx_word' id='word_1_224' title='bbox 533 2987 630 3075; x_wconf 82' lang='lat' dir='ltr'>possit</span> <span class='ocrx_word' id='word_1_225' title='bbox 643 3009 684 3050; x_wconf 86' lang='lat' dir='ltr'>an</span> <span class='ocrx_word' id='word_1_226' title='bbox 697 2986 739 3051; x_wconf 87' lang='lat' dir='ltr'>ad</span> <span class='ocrx_word' id='word_1_227' title='bbox 754 2984 995 3052; x_wconf 88' lang='lat' dir='ltr'>Atheniensium</span> <span class='ocrx_word' id='word_1_228' title='bbox 1011 3007 1156 3049; x_wconf 89' lang='lat' dir='ltr'>nummos</span> <span class='ocrx_word' id='word_1_229' title='bbox 1169 3008 1294 3073; x_wconf 84' lang='lat' dir='ltr'>respex-</span> 
     </span>
     <span class='ocr_line' id='line_1_27' title="bbox 194 3087 1294 3176; baseline 0.002 -24"><span class='ocrx_word' id='word_1_230' title='bbox 194 3088 266 3153; x_wconf 87' lang='lat' dir='ltr'>erit.</span> <span class='ocrx_word' id='word_1_231' title='bbox 289 3088 452 3176; x_wconf 82' lang='lat' dir='ltr'>Theognis</span> <span class='ocrx_word' id='word_1_232' title='bbox 467 3090 540 3176; x_wconf 83' lang='lat'>813.</span> <span class='ocrx_word' id='word_1_233' title='bbox 556 3095 632 3157; x_wconf 84' lang='grc' dir='ltr'>Βοῦς</span> <span class='ocrx_word' id='word_1_234' title='bbox 643 3115 694 3169; x_wconf 92' lang='grc' dir='ltr'>μοι</span> <span class='ocrx_word' id='word_1_235' title='bbox 711 3091 759 3154; x_wconf 72' lang='grc' dir='ltr'>ἐπὶ</span> <span class='ocrx_word' id='word_1_236' title='bbox 774 3091 916 3172; x_wconf 83' lang='grc' dir='ltr'>γλείσσης</span> <span class='ocrx_word' id='word_1_237' title='bbox 931 3091 1059 3174; x_wconf 72' lang='grc' dir='ltr'>κρατερῷ</span> <span class='ocrx_word' id='word_1_238' title='bbox 1073 3089 1142 3151; x_wconf 79' lang='grc' dir='ltr'>ποδὶ</span> <span class='ocrx_word' id='word_1_239' title='bbox 1157 3087 1219 3166; x_wconf 76' lang='grc' dir='ltr'>λδξ</span> <span class='ocrx_word' id='word_1_240' title='bbox 1232 3091 1294 3154; x_wconf 79' lang='grc' dir='ltr'>ἐτι-</span> 
     </span>
     <span class='ocr_line' id='line_1_28' title="bbox 192 3188 1293 3279; baseline -0.003 -24"><span class='ocrx_word' id='word_1_241' title='bbox 192 3193 310 3271; x_wconf 81' lang='grc' dir='ltr'>βαίνυν</span> <span class='ocrx_word' id='word_1_242' title='bbox 326 3189 427 3276; x_wconf 87' lang='grc' dir='ltr'>Ἴσχει</span> <span class='ocrx_word' id='word_1_243' title='bbox 449 3193 615 3270; x_wconf 81' lang='grc' dir='ltr'>κωτίλλειν,</span> <span class='ocrx_word' id='word_1_244' title='bbox 631 3193 734 3274; x_wconf 89' lang='grc' dir='ltr'>καίτερ</span> <span class='ocrx_word' id='word_1_245' title='bbox 752 3190 960 3271; x_wconf 80' lang='grc' dir='ltr'>ἐπισπόμενον.</span> <span class='ocrx_word' id='word_1_246' title='bbox 1005 3188 1119 3254; x_wconf 89' lang='lat' dir='ltr'>Nescio</span> <span class='ocrx_word' id='word_1_247' title='bbox 1140 3211 1181 3253; x_wconf 88' lang='lat' dir='ltr'>an</span> <span class='ocrx_word' id='word_1_248' title='bbox 1202 3189 1293 3279; x_wconf 87' lang='lat' dir='ltr'>origo</span> 
     </span>
     <span class='ocr_line' id='line_1_29' title="bbox 194 3292 1294 3381; baseline 0.001 -26"><span class='ocrx_word' id='word_1_249' title='bbox 194 3292 352 3381; x_wconf 88' lang='lat' dir='ltr'>proverbii</span> <span class='ocrx_word' id='word_1_250' title='bbox 366 3315 405 3356; x_wconf 83' lang='lat' dir='ltr'>ex</span> <span class='ocrx_word' id='word_1_251' title='bbox 426 3315 511 3358; x_wconf 88' lang='lat' dir='ltr'>more</span> <span class='ocrx_word' id='word_1_252' title='bbox 531 3293 682 3358; x_wconf 89' lang='lat' dir='ltr'>trahenda</span> <span class='ocrx_word' id='word_1_253' title='bbox 701 3293 752 3373; x_wconf 85' lang='lat' dir='ltr'>sit,</span> <span class='ocrx_word' id='word_1_254' title='bbox 766 3316 860 3380; x_wconf 88' lang='lat' dir='ltr'>quern</span> <span class='ocrx_word' id='word_1_255' title='bbox 883 3292 1050 3358; x_wconf 82' lang='lat' dir='ltr'>habuerint</span> <span class='ocrx_word' id='word_1_256' title='bbox 1064 3307 1182 3357; x_wconf 88' lang='lat' dir='ltr'>veteres</span> <span class='ocrx_word' id='word_1_257' title='bbox 1204 3314 1294 3357; x_wconf 89' lang='lat' dir='ltr'>num·</span> 
     </span>
     <span class='ocr_line' id='line_1_30' title="bbox 195 3394 1292 3483; baseline -0.001 -23"><span class='ocrx_word' id='word_1_258' title='bbox 195 3417 264 3461; x_wconf 85' lang='lat' dir='ltr'>mos</span> <span class='ocrx_word' id='word_1_259' title='bbox 276 3395 310 3460; x_wconf 94' lang='lat' dir='ltr'>in</span> <span class='ocrx_word' id='word_1_260' title='bbox 324 3418 379 3460; x_wconf 90' lang='lat' dir='ltr'>ore</span> <span class='ocrx_word' id='word_1_261' title='bbox 393 3395 530 3473; x_wconf 89' lang='lat' dir='ltr'>tenendi,</span> <span class='ocrx_word' id='word_1_262' title='bbox 546 3419 626 3483; x_wconf 90' lang='lat' dir='ltr'>quos</span> <span class='ocrx_word' id='word_1_263' title='bbox 640 3419 679 3460; x_wconf 87' lang='lat' dir='ltr'>ex</span> <span class='ocrx_word' id='word_1_264' title='bbox 696 3395 873 3460; x_wconf 88' lang='lat' dir='ltr'>venditione</span> <span class='ocrx_word' id='word_1_265' title='bbox 887 3394 1036 3460; x_wconf 88' lang='lat' dir='ltr'>mercium</span> <span class='ocrx_word' id='word_1_266' title='bbox 1057 3417 1184 3459; x_wconf 86' lang='lat' dir='ltr'>suarum</span> <span class='ocrx_word' id='word_1_267' title='bbox 1204 3395 1292 3460; x_wconf 91' lang='lat' dir='ltr'>colli·</span> 
     </span>
     <span class='ocr_line' id='line_1_31' title="bbox 193 3495 1293 3586; baseline -0.003 -22"><span class='ocrx_word' id='word_1_268' title='bbox 193 3512 322 3586; x_wconf 81' lang='lat' dir='ltr'>gerent:</span> <span class='ocrx_word' id='word_1_269' title='bbox 347 3497 412 3562; x_wconf 87' lang='lat' dir='ltr'>vid.</span> <span class='ocrx_word' id='word_1_270' title='bbox 428 3498 605 3564; x_wconf 87' lang='lat' dir='ltr'>Casaubon.</span> <span class='ocrx_word' id='word_1_271' title='bbox 620 3497 660 3564; x_wconf 83' lang='lat' dir='ltr'>sd</span> <span class='ocrx_word' id='word_1_272' title='bbox 677 3497 886 3584; x_wconf 82' lang='lat' dir='ltr'>Theophrast.</span> <span class='ocrx_word' id='word_1_273' title='bbox 902 3520 934 3584; x_wconf 90' lang='lat' dir='ltr'>p.</span> <span class='ocrx_word' id='word_1_274' title='bbox 950 3517 1019 3584; x_wconf 90' lang='lat'>194.</span> <span class='ocrx_word' id='word_1_275' title='bbox 1065 3497 1179 3561; x_wconf 88' lang='lat' dir='ltr'>Paullo</span> <span class='ocrx_word' id='word_1_276' title='bbox 1192 3495 1293 3578; x_wconf 90' lang='lat' dir='ltr'>aliter,</span> 
     </span>
     <span class='ocr_line' id='line_1_32' title="bbox 193 3596 1293 3688; baseline -0.005 -23"><span class='ocrx_word' id='word_1_277' title='bbox 193 3600 259 3665; x_wconf 80' lang='lat' dir='ltr'>fere</span> <span class='ocrx_word' id='word_1_278' title='bbox 273 3599 382 3666; x_wconf 90' lang='lat' dir='ltr'>eodem</span> <span class='ocrx_word' id='word_1_279' title='bbox 399 3615 501 3665; x_wconf 84' lang='lat' dir='ltr'>tamen</span> <span class='ocrx_word' id='word_1_280' title='bbox 517 3624 620 3680; x_wconf 89' lang='lat' dir='ltr'>sensu,</span> <span class='ocrx_word' id='word_1_281' title='bbox 637 3598 782 3688; x_wconf 88' lang='lat' dir='ltr'>Sophocl.</span> <span class='ocrx_word' id='word_1_282' title='bbox 801 3598 880 3664; x_wconf 86' lang='lat' dir='ltr'>OEd.</span> <span class='ocrx_word' id='word_1_283' title='bbox 897 3596 966 3663; x_wconf 89' lang='lat' dir='ltr'>Col.</span> <span class='ocrx_word' id='word_1_284' title='bbox 984 3618 1077 3682; x_wconf 83' lang='lat'><strong>105¹·</strong></span> <span class='ocrx_word' id='word_1_285' title='bbox 1098 3600 1140 3661; x_wconf 78' lang='grc' dir='ltr'>ὧν</span> <span class='ocrx_word' id='word_1_286' title='bbox 1155 3598 1203 3661; x_wconf 81' lang='grc' dir='ltr'>καὶ</span> <span class='ocrx_word' id='word_1_287' title='bbox 1222 3624 1293 3683; x_wconf 85' lang='grc' dir='ltr'>χρυ-</span> 
     </span>
     <span class='ocr_line' id='line_1_33' title="bbox 194 3698 1166 3790; baseline -0.003 -23"><span class='ocrx_word' id='word_1_288' title='bbox 194 3703 253 3768; x_wconf 88' lang='grc' dir='ltr'>σέα</span> <span class='ocrx_word' id='word_1_289' title='bbox 267 3703 349 3771; x_wconf 87' lang='grc' dir='ltr'>κλεὶς</span> <span class='ocrx_word' id='word_1_290' title='bbox 363 3704 411 3768; x_wconf 72' lang='grc' dir='ltr'>ἐπὶ</span> <span class='ocrx_word' id='word_1_291' title='bbox 426 3705 554 3790; x_wconf 77' lang='grc' dir='ltr'>γλόσοη</span> <span class='ocrx_word' id='word_1_292' title='bbox 566 3704 711 3786; x_wconf 86' lang='grc' dir='ltr'>βέβακεν·</span> <span class='ocrx_word' id='word_1_293' title='bbox 727 3701 782 3767; x_wconf 93' lang='lat' dir='ltr'>ubi</span> <span class='ocrx_word' id='word_1_294' title='bbox 797 3701 859 3765; x_wconf 90' lang='lat' dir='ltr'>vid.</span> <span class='ocrx_word' id='word_1_295' title='bbox 876 3698 969 3765; x_wconf 91' lang='lat' dir='ltr'>schol.</span> <span class='ocrx_word' id='word_1_296' title='bbox 993 3700 1166 3765; x_wconf 88' lang='lat' dir='ltr'>BLOMF.</span> 
     </span>
    </p>

    <p class='ocr_par' dir='ltr' id='par_1_4' title="bbox 191 3800 1292 4499">
     <span class='ocr_line' id='line_1_34' title="bbox 235 3800 1292 3892; baseline -0.001 -23"><span class='ocrx_word' id='word_1_297' title='bbox 235 3822 291 3891; x_wconf 82' lang='lat'>37.</span> <span class='ocrx_word' id='word_1_298' title='bbox 320 3804 590 3892; x_wconf 74' lang='grc' dir='ltr'>οἶκος-λέξειεν]</span> <span class='ocrx_word' id='word_1_299' title='bbox 623 3804 723 3870; x_wconf 89' lang='lat' dir='ltr'>Haud</span> <span class='ocrx_word' id='word_1_300' title='bbox 753 3805 884 3869; x_wconf 84' lang='lat' dir='ltr'>obscure</span> <span class='ocrx_word' id='word_1_301' title='bbox 913 3801 1015 3891; x_wconf 83' lang='lat' dir='ltr'>tangit</span> <span class='ocrx_word' id='word_1_302' title='bbox 1042 3800 1292 3890; x_wconf 72' lang='lat' dir='ltr'>Clytaemnestra</span> 
     </span>
     <span class='ocr_line' id='line_1_35' title="bbox 193 3904 1292 3991; baseline 0 -19"><span class='ocrx_word' id='word_1_303' title='bbox 193 3905 358 3972; x_wconf 84' lang='lat' dir='ltr'>adulteria.</span> <span class='ocrx_word' id='word_1_304' title='bbox 374 3908 475 3973; x_wconf 85' lang='lat' dir='ltr'>scH.</span> <span class='ocrx_word' id='word_1_305' title='bbox 520 3907 619 3973; x_wconf 93' lang='lat' dir='ltr'>Simili</span> <span class='ocrx_word' id='word_1_306' title='bbox 635 3908 753 3972; x_wconf 91' lang='lat' dir='ltr'>ratione</span> <span class='ocrx_word' id='word_1_307' title='bbox 768 3904 881 3991; x_wconf 90' lang='lat' dir='ltr'>Eurip.</span> <span class='ocrx_word' id='word_1_308' title='bbox 897 3904 1051 3969; x_wconf 84' lang='lat' dir='ltr'>Androm.</span> <span class='ocrx_word' id='word_1_309' title='bbox 1065 3926 1096 3969; x_wconf 87' lang='lat' dir='ltr'>v.</span> <span class='ocrx_word' id='word_1_310' title='bbox 1113 3922 1187 3991; x_wconf 79' lang='lat'>924.</span> <span class='ocrx_word' id='word_1_311' title='bbox 1206 3908 1292 3988; x_wconf 89' lang='grc' dir='ltr'>δόμοι</span> 
     </span>
     <span class='ocr_line' id='line_1_36' title="bbox 192 4004 1292 4096; baseline 0.002 -24"><span class='ocrx_word' id='word_1_312' title='bbox 192 4007 302 4091; x_wconf 82' lang='grc' dir='ltr'>φθέγμ’</span> <span class='ocrx_word' id='word_1_313' title='bbox 319 4008 451 4092; x_wconf 79' lang='grc' dir='ltr'>ἔχοντες,</span> <span class='ocrx_word' id='word_1_314' title='bbox 466 4023 498 4073; x_wconf 84' lang='lat' dir='ltr'>et</span> <span class='ocrx_word' id='word_1_315' title='bbox 510 4009 645 4096; x_wconf 88' lang='lat' dir='ltr'>Hippol.</span> <span class='ocrx_word' id='word_1_316' title='bbox 659 4027 752 4088; x_wconf 88' lang='lat'>1074.</span> <span class='ocrx_word' id='word_1_317' title='bbox 762 4005 785 4070; x_wconf 81' lang='grc' dir='ltr'>ὦ</span> <span class='ocrx_word' id='word_1_318' title='bbox 797 4004 903 4086; x_wconf 75' lang='grc' dir='ltr'>δώματ’</span> <span class='ocrx_word' id='word_1_319' title='bbox 920 4009 981 4071; x_wconf 83' lang='grc' dir='ltr'>είθε</span> <span class='ocrx_word' id='word_1_320' title='bbox 995 4007 1118 4089; x_wconf 90' lang='grc' dir='ltr'>φθέγμα</span> <span class='ocrx_word' id='word_1_321' title='bbox 1132 4010 1292 4090; x_wconf 84' lang='grc' dir='ltr'>γηρθοισθέ</span> 
     </span>
     <span class='ocr_line' id='line_1_37' title="bbox 191 4107 1291 4196; baseline 0.005 -24"><span class='ocrx_word' id='word_1_322' title='bbox 191 4134 251 4190; x_wconf 88' lang='grc' dir='ltr'>μοι.</span> <span class='ocrx_word' id='word_1_323' title='bbox 298 4107 389 4173; x_wconf 88' lang='lat' dir='ltr'>Idem</span> <span class='ocrx_word' id='word_1_324' title='bbox 405 4111 488 4173; x_wconf 81' lang='lat' dir='ltr'>Heu.</span> <span class='ocrx_word' id='word_1_325' title='bbox 506 4110 579 4196; x_wconf 82' lang='lat'>836.</span> <span class='ocrx_word' id='word_1_326' title='bbox 603 4113 632 4174; x_wconf 86' lang='grc' dir='ltr'>εί</span> <span class='ocrx_word' id='word_1_327' title='bbox 650 4135 701 4189; x_wconf 90' lang='grc' dir='ltr'>μοι</span> <span class='ocrx_word' id='word_1_328' title='bbox 722 4108 840 4191; x_wconf 89' lang='grc' dir='ltr'>γένοιτο</span> <span class='ocrx_word' id='word_1_329' title='bbox 865 4110 998 4191; x_wconf 85' lang='grc' dir='ltr'>φθόγγος</span> <span class='ocrx_word' id='word_1_330' title='bbox 1020 4111 1055 4172; x_wconf 80' lang='grc' dir='ltr'>ἐν</span> <span class='ocrx_word' id='word_1_331' title='bbox 1075 4111 1221 4192; x_wconf 87' lang='grc' dir='ltr'>βραχίοσι</span> <span class='ocrx_word' id='word_1_332' title='bbox 1243 4112 1291 4177; x_wconf 84' lang='grc' dir='ltr'>καὶ</span> 
     </span>
     <span class='ocr_line' id='line_1_38' title="bbox 191 4206 1291 4297; baseline 0.003 -24"><span class='ocrx_word' id='word_1_333' title='bbox 191 4211 292 4292; x_wconf 88' lang='grc' dir='ltr'>χερσί.</span> <span class='ocrx_word' id='word_1_334' title='bbox 338 4210 406 4273; x_wconf 83' lang='grc' dir='ltr'>Νεο</span> <span class='ocrx_word' id='word_1_335' title='bbox 427 4209 573 4297; x_wconf 85' lang='lat' dir='ltr'>disparile</span> <span class='ocrx_word' id='word_1_336' title='bbox 593 4210 673 4276; x_wconf 89' lang='lat' dir='ltr'>illud</span> <span class='ocrx_word' id='word_1_337' title='bbox 695 4211 955 4288; x_wconf 84' lang='lat' dir='ltr'>Aristoen.1,10.</span> <span class='ocrx_word' id='word_1_338' title='bbox 979 4211 1041 4273; x_wconf 87' lang='grc' dir='ltr'>είθε</span> <span class='ocrx_word' id='word_1_339' title='bbox 1065 4206 1088 4271; x_wconf 82' lang='grc' dir='ltr'>ὦ</span> <span class='ocrx_word' id='word_1_340' title='bbox 1111 4209 1219 4292; x_wconf 82' lang='grc' dir='ltr'>δένδρα</span> <span class='ocrx_word' id='word_1_341' title='bbox 1242 4211 1291 4276; x_wconf 74' lang='grc' dir='ltr'>καὶ</span> 
     </span>
     <span class='ocr_line' id='line_1_39' title="bbox 192 4308 1289 4399; baseline 0.001 -25"><span class='ocrx_word' id='word_1_342' title='bbox 192 4315 261 4378; x_wconf 88' lang='grc' dir='ltr'>νοῦς</span> <span class='ocrx_word' id='word_1_343' title='bbox 273 4312 344 4391; x_wconf 81' lang='grc' dir='ltr'>ὑμῖν</span> <span class='ocrx_word' id='word_1_344' title='bbox 358 4309 476 4392; x_wconf 91' lang='grc' dir='ltr'>γένοιτο</span> <span class='ocrx_word' id='word_1_345' title='bbox 491 4312 539 4375; x_wconf 80' lang='grc' dir='ltr'>καὶ</span> <span class='ocrx_word' id='word_1_346' title='bbox 553 4311 649 4394; x_wconf 72' lang='grc' dir='ltr'>φωνή.</span> <span class='ocrx_word' id='word_1_347' title='bbox 681 4313 788 4399; x_wconf 88' lang='lat' dir='ltr'>lpsam</span> <span class='ocrx_word' id='word_1_348' title='bbox 804 4309 836 4373; x_wconf 92' lang='lat' dir='ltr'>h.</span> <span class='ocrx_word' id='word_1_349' title='bbox 851 4308 874 4375; x_wconf 88' lang='lat' dir='ltr'>l.</span> <span class='ocrx_word' id='word_1_350' title='bbox 889 4309 1014 4397; x_wconf 84' lang='lat' dir='ltr'>phrasin</span> <span class='ocrx_word' id='word_1_351' title='bbox 1031 4310 1127 4375; x_wconf 85' lang='lat' dir='ltr'>habea</span> <span class='ocrx_word' id='word_1_352' title='bbox 1141 4310 1172 4374; x_wconf 94' lang='lat' dir='ltr'>in</span> <span class='ocrx_word' id='word_1_353' title='bbox 1190 4311 1289 4398; x_wconf 90' lang='lat' dir='ltr'>Soph.</span> 
     </span>
     <span class='ocr_line' id='line_1_40' title="bbox 193 4409 1287 4499; baseline 0.002 -25"><span class='ocrx_word' id='word_1_354' title='bbox 193 4410 309 4476; x_wconf 88' lang='lat' dir='ltr'>Electr.</span> <span class='ocrx_word' id='word_1_355' title='bbox 320 4429 397 4499; x_wconf 82' lang='lat'>551.</span> <span class='ocrx_word' id='word_1_356' title='bbox 415 4414 497 4496; x_wconf 87' lang='grc' dir='ltr'>φαίει</span> <span class='ocrx_word' id='word_1_357' title='bbox 511 4413 536 4478; x_wconf 87' lang='grc' dir='ltr'>δ’</span> <span class='ocrx_word' id='word_1_358' title='bbox 546 4414 762 4495; x_wconf 71' lang='grc' dir='ltr'>δυηβαυοῦσα</span> <span class='ocrx_word' id='word_1_359' title='bbox 773 4413 800 4476; x_wconf 78' lang='grc' dir='ltr'>εἰ</span> <span class='ocrx_word' id='word_1_360' title='bbox 814 4411 918 4494; x_wconf 76' lang='grc' dir='ltr'>φωνην</span> <span class='ocrx_word' id='word_1_361' title='bbox 931 4409 1036 4491; x_wconf 83' lang='grc' dir='ltr'>λόβοι.</span> <span class='ocrx_word' id='word_1_362' title='bbox 1052 4410 1167 4496; x_wconf 89' lang='lat' dir='ltr'>Eurip.</span> <span class='ocrx_word' id='word_1_363' title='bbox 1181 4410 1287 4499; x_wconf 77' lang='lat' dir='ltr'>lphig.</span> 
     </span>
    </p>

    <p class='ocr_par' dir='ltr' id='par_1_5' title="bbox 712 4525 763 4576">
     <span class='ocr_line' id='line_1_41' title="bbox 712 4525 763 4576; baseline -0.02 0"><span class='ocrx_word' id='word_1_364' title='bbox 712 4525 763 4576; x_wconf 76' lang='lat' dir='ltr'>&#39;rt</span> 
     </span>
    </p>
   </div>
   <div class='ocr_carea' id='block_1_3' title="bbox 0 0 1496 5054">
    <p class='ocr_par' dir='ltr' id='par_1_6' title="bbox 0 0 1496 5054">
     <span class='ocr_line' id='line_1_42' title="bbox 0 0 1496 5054; baseline 0 2"><span class='ocrx_word' id='word_1_365' title='bbox 0 0 1496 5054; x_wconf 95' lang='lat' dir='ltr'> </span> 
     </span>
    </p>
   </div>
  </div>
 </body>
</html>
