2984 5054
257 354 322 416 620
620 352 999 421 ANNOTATIONES

256 518 415 602 γενέθλιον
429 521 515 585 δόσιν
529 519 753 606 interpretatur
767 521 801 585 sd
815 521 965 604 ὀπιήριον,
982 522 1182 610 reprehendit
1194 526 1364 594 Meursiue

256 621 371 686 Exere.
387 620 466 686 Crit
487 644 518 709 p.
536 641 565 690 2.
580 621 744 687 immerito.
789 623 916 689 Etenim
939 646 1175 712 mustumque
1195 630 1363 714 spectnodi

255 745 349 788 conss
363 723 490 802 dentur,
506 723 630 806 ὀπτήρια
643 724 705 789 dici
720 724 794 790 estis
807 740 937 790 constet.
976 726 1162 793 Callimachi
1177 728 1363 797 scholiastes

254 824 286 889 in
304 826 425 910 Hymn.
441 845 472 912 3,
485 839 538 909 74.
553 827 687 909 ὀπτήρια,
702 829 740 891 rh
758 829 833 909 ὑπὲρ
851 833 904 892 τοῦ
924 832 1000 894 ίδεῖν
1014 834 1102 911 δῦρο.
1148 832 1194 896 Et
1209 831 1298 918 quod
1314 833 1361 898 its

256 942 436 1014 nuncupere
448 927 567 992 fuerint
585 949 715 992 munere
733 928 884 1008 natalitio,
900 929 1014 994 diserte
1035 930 1148 997 docent
1168 932 1268 1019 ipsius
1283 934 1360 999 Col·

253 1028 377 1094 limechi
392 1031 497 1109 verbe,
512 1030 568 1118 qui
587 1031 723 1096 Dianam
745 1030 896 1115 infantem
917 1054 938 1096 e
958 1045 1058 1096 metre
1072 1033 1198 1099 Latona
1214 1036 1360 1102 Vulcsno

254 1130 389 1196 oblatam
405 1146 521 1210 narret,
538 1149 573 1197 ut
587 1132 712 1215 ὀπτήρια
725 1132 831 1198 deret:

426 1287 524 1364 κοῦρα,
541 1283 580 1347 σὺ
590 1284 623 1346 δὲ
637 1282 769 1364 προτέρω
783 1307 849 1365 περ,
866 1283 909 1347 ἔτι
923 1282 1072 1365 τριέτηρος
1087 1285 1180 1349 ἐοῦσα

426 1383 483 1449 εὖτ’
499 1383 609 1465 ἔμολεν
622 1385 709 1463 Amol
722 1409 759 1449 σε
772 1383 835 1464 μετ’
849 1386 1048 1468 ἀγκαλίδεσσι
1062 1385 1200 1470 φέρουσα

424 1484 597 1568 Ἡφαίστου
613 1485 772 1555 καλέοντος
785 1488 864 1555 hrot
878 1486 1004 1570 ὀιπήριο
1017 1488 1091 1569 δοίη.

253 1643 344 1708 Alias
357 1643 481 1726 διηήριο
495 1643 644 1708 dicuntur
658 1646 696 1708 rh
711 1646 745 1708 ἐν
759 1650 820 1711 τοῖς
839 1645 1106 1728 dommus-quoe
1119 1647 1259 1726 διδόμενα
1272 1652 1354 1731 δῦρο

252 1747 288 1834 τῇ
303 1748 402 1829 νύμφη
417 1757 496 1810 teste
511 1746 682 1831 Hesychio.
706 1747 875 1811 STANL.

296 1849 327 1913 8.
350 1849 385 1913 τδ
404 1852 520 1929 Φοίβης
538 1847 562 1912 δ’
578 1849 661 1928 ὄνομ’
677 1849 742 1932 ἔχει
755 1847 946 1934 πορδνορον]
962 1848 1146 1936 AEsohylns‚
1160 1848 1217 1936 qui
1231 1849 1355 1916 multus

250 1965 297 2015 est
310 1949 342 2013 in
359 1949 580 2036 paronomasiis
592 1949 803 2029 observandis,
813 1948 882 2014 vult
897 1950 1057 2015 Phoehum
1072 1964 1110 2015 nt
1122 1950 1295 2030 oraculum,
1307 1953 1352 2017 ite

249 2065 282 2117 et
296 2071 408 2114 nomen
423 2073 443 2114 e
457 2049 579 2114 Phoebe
593 2049 755 2114 derivasse.
789 2052 914 2116 Letoon
927 2052 1009 2117 enim
1026 2052 1163 2119 Phoebes
1175 2052 1251 2133 filie,
1265 2053 1352 2120 filius

250 2155 384 2219 Lstonae
411 2150 560 2216 Phoebns.
599 2157 715 2231 Φοῖβος
743 2151 841 2239 igitur
865 2155 1049 2236 πορονιίμος
1073 2155 1132 2219 dud
1156 2159 1207 2236 τῆς
1231 2155 1352 2238 μάμμης

249 2256 375 2336 Φοίβης,
400 2267 437 2318 ut
460 2253 601 2341 loquitur
624 2253 814 2318 Eustethius
835 2277 867 2341 p.
888 2259 940 2340 38,
961 2273 992 2320 α.
1014 2256 1074 2321 dud
1093 2258 1209 2338 Φοίβης
1231 2256 1352 2340 μάμμης

249 2362 383 2438 νομικῶς,
405 2358 445 2425 ὧς
468 2354 622 2435 Ἡσίοδος,
644 2355 748 2443 inquit
770 2355 910 2444 Etymol.
933 2379 965 2443 p.
988 2357 1065 2442 796,
1086 2359 1141 2442 56.
1186 2360 1291 2446 Neget
1314 2360 1350 2425 id

247 2474 331 2524 recte
351 2459 472 2525 dictum
495 2459 701 2547 Sylburgius:
733 2459 833 2539 Φοίβη
855 2459 939 2521 enim
959 2479 1027 2522 uon
1051 2461 1129 2523 onio
1151 2460 1264 2524 Ptoeot
1288 2470 1349 2542 cst,

247 2563 361 2651 inquit,
376 2564 432 2627 sed
449 2565 620 2639 ememor,
635 2583 726 2626 soror
748 2561 889 2626 videlicet
909 2562 1059 2642 Saturni,
1080 2563 1160 2628 Coti
1181 2573 1212 2629 et
1234 2567 1349 2631 Terre

234 2667 327 2752 filio,
342 2674 378 2730 ut
393 2665 598 2749 Apollodoreis
618 2665 712 2726 tuitio
733 2662 786 2735 lib,
802 2683 829 2726 1.
852 2671 882 2726 et
895 2662 1070 2741 Hesiodus,
1088 2665 1210 2753 Theog.
1225 2687 1252 2730 v.
1276 2668 1349 2753 136.

246 2768 407 2831 memoriae
415 2766 640 2852 prodiderunt.
669 2764 750 2826 Haeo
763 2763 816 2827 ille
829 2763 979 2828 adversus
993 2766 1176 2832 sententiam
1191 2781 1347 2850 veterum,

246 2866 351 2930 minus
364 2879 458 2929 recte.
503 2863 625 2928 Phoebe
639 2863 722 2926 enim
737 2885 799 2927 non
815 2878 938 2928 tentum
953 2866 1003 2929 evi
1018 2889 1116 2946 soror,
1132 2867 1233 2933 sedet
1253 2869 1345 2934 erin:

245 2968 295 3032 evi
310 2966 438 3053 quidem
452 2989 492 3031 ex
508 2979 596 3052 petre
610 2987 707 3044 soror,
722 2987 760 3029 ex
776 2981 875 3030 matre
888 2981 994 3031 eutem
1008 2967 1088 3032 svis.
1126 2968 1247 3034 Phoebe
1260 2969 1346 3037 enim

246 3083 345 3135 meter
370 3070 514 3148 Launae,
542 3069 667 3133 Letoon
693 3067 817 3133 Phoebi.
861 3068 908 3132 Et
937 3068 987 3133 hic
1016 3070 1173 3135 notandus
1202 3085 1376 3137 veterum·

246 3172 430 3237 Graecorum
457 3171 546 3250 ritus,
569 3184 606 3236 ut
633 3169 722 3235 liberi
751 3169 867 3234 scilicet
895 3169 1110 3256 proximorum
1138 3176 1345 3258 cognotorum

244 3275 370 3340 nomine
386 3273 569 3362 acciperent.
615 3271 843 3337 Demosthenes
863 3284 971 3336 contre
987 3272 1134 3337 Boeotum
1157 3271 1197 3337 de
1219 3274 1346 3342 nomine

245 3378 292 3465 (p.
308 3378 415 3460 1002.)
430 3376 528 3456 Ἀξιοῖ
539 3376 572 3439 δὲ
587 3374 675 3442 elude
689 3374 777 3454 δςδὴ
796 3374 998 3456 πρεσβύτερος
1016 3373 1059 3438 δν
1078 3374 1195 3456 τοῦνομ’
1212 3374 1295 3459 ἔχειν
1309 3377 1345 3442 rh

242 3483 296 3544 τοῦ
316 3480 392 3562 πρὸς
412 3478 524 3561 πατρὸς
543 3478 674 3542 πάππον.
697 3478 744 3541 Et
762 3475 840 3542 ibid.
858 3477 902 3563 (p.
919 3478 1026 3559 1004.)
1037 3473 1129 3541 Ἐστι
1143 3474 1168 3541 δ’
1183 3479 1201 3541 δ
1217 3478 1346 3549 Βοιοτδς

244 3581 379 3663 ἀδελφοῦ
393 3585 444 3661 τῆς
457 3582 562 3644 τούτου
575 3578 684 3661 μητρὸς
697 3580 800 3659 ὄνομα·
824 3577 924 3657 ἐπειδὴ
939 3578 972 3641 δὲ
989 3576 1124 3659 εἰσάγειν
1137 3579 1154 3641 δ
1168 3577 1264 3660 πατὴρ
1278 3582 1345 3648 τοί-

241 3707 311 3750 τους
324 3683 666 3766 ἠναγκάζετο-οὕιο
686 3684 791 3744 τοῦτον
813 3678 928 3762 είοάγει
943 3680 1081 3745 Βοιωτόν.
1127 3680 1209 3746 Vide
1228 3693 1262 3747 et
1282 3683 1345 3748 Po·

241 3783 379 3870 lyaeoum
396 3786 531 3869 Strateg.
548 3784 578 3861 6,
594 3784 626 3847 6.
670 3781 734 3861 Qui
748 3781 828 3847 ritus
847 3804 866 3845 e
882 3780 1003 3846 Graecis
1022 3779 1063 3846 ad
1078 3782 1240 3848 Romanos
1257 3783 1343 3849 deri-

242 3895 334 3948 vatus
347 3897 404 3948 est.
451 3883 619 3948 Suetonius
633 3882 666 3947 in
681 3885 799 3948 Neron.
814 3906 883 3971 cep.
899 3885 930 3948 6.
947 3883 1259 3969 Futuroefilits’totss
1272 3888 1343 3974 sig·

240 4005 318 4047 uum
339 3985 466 4049 evidens
487 3985 615 4049 histrico
636 3986 688 4048 die
711 3986 842 4049 exstitit.
887 3985 977 4048 Nom
1003 3985 1042 4049 C.
1060 3985 1181 4064 Coesur,
1207 3997 1344 4076 rogante

239 4106 358 4164 sorore,
376 4094 414 4149 ut
433 4086 556 4171 irfisuti
577 4086 607 4148 ei
627 4085 709 4171 quod
730 4085 821 4149 uellet
841 4107 952 4151 nomen
972 4087 1074 4164 daret,
1096 4089 1224 4154 intutus
1244 4089 1342 4155 Cluu-

239 4188 338 4267 dium,
360 4188 429 4273 ejus
450 4187 528 4250 dore
547 4208 582 4249 se
601 4185 694 4249 dicit.
731 4185 921 4252 Eusmthius
940 4210 972 4275 p.
991 4187 1069 4274 581,
1089 4208 1122 4274 3.
1145 4193 1342 4257 Παλοίτοτον

240 4292 309 4359 ἔθος
321 4290 361 4371 ἣν
374 4288 441 4355 τοὺς
456 4288 599 4370 ἐγγόνους
619 4292 777 4353 καλεῖσθαι
796 4293 857 4358 τοῖς
878 4295 937 4355 τῶν
950 4290 1081 4356 πάππον
1094 4293 1230 4373 ὀνόμασι.
1276 4295 1340 4359 Ve-

238 4414 311 4458 rum
324 4393 393 4459 haec
408 4387 579 4477 AEsohylee
593 4387 707 4453 Phoebi
721 4389 912 4479 etymologia
923 4413 988 4458 non
1007 4392 1110 4479 pleoet
1124 4393 1286 4461 Heraclidi
1304 4394 1340 4467 in

238 4493 408 4582 Allegoriis
423 4491 608 4560 Homericis.
632 4492 802 4557 STANL.
