2984 5054
502 356 569 419 AD
593 355 923 420 CHOEPHORAS.
1197 357 1263 421 508

204 554 278 625 935.
294 539 368 623 936.
385 552 417 601 et
430 535 646 623 antistrophici
662 536 693 600 in
709 558 808 602 unum
824 558 948 602 versum
964 535 1187 622 conjungendi.

205 645 278 728 938.
310 640 413 704 Schoi.
441 645 563 706 διπλοῦς
585 639 682 705 λέωνε
718 642 747 704 οἱ
771 642 839 722 περὶ
862 641 1011 722 Ὀρέστην
1037 641 1085 703 καὶ
1108 639 1262 720 Πυλάδην.

163 745 236 810 Hoc
251 760 353 809 tamen
370 765 431 806 non
447 741 540 805 nimis
554 755 627 827 apte
641 741 776 806 cohaeret
790 763 863 806 cum
877 740 914 804 iis
928 761 1002 828 quae
1016 739 1139 805 dixerat
1148 740 1263 806 chorus

160 846 193 911 in
208 869 237 909 v.
253 848 325 930 854.
341 845 468 908 Τοιάνδε
482 843 583 920 πάλην
596 846 689 924 μόνος
710 843 752 907 δν
767 844 894 926 ἔφεδρος
910 849 1040 909 Δισσοῖς
1053 842 1161 922 μέλλει
1183 849 1263 911 θεῖος

160 947 308 1031 Ὀρέστης
325 946 453 1030 Ἂψειν.
492 946 675 1033 Comparari
701 960 807 1010 autem
833 944 928 1009 debet
950 942 1064 1030 Eurip.
1090 944 1144 1007 Or.
1168 963 1261 1030 1397.

156 1047 279 1113 Ἦλθον
300 1052 342 1115 εἰς
360 1050 476 1129 δόμους,
494 1045 531 1111 ἵν’
552 1049 616 1112 αὕθ’
637 1045 749 1111 έκαστά
768 1070 819 1109 σοι
836 1044 928 1127 λέγω,
948 1043 955 1132 Ι
973 1044 1095 1112 λέοντες
1108 1042 1263 1114 Ἕλλανες

162 1151 213 1214 δύο
228 1152 345 1231 διδύμω.
369 1149 546 1212 BLOMF.

205 1271 277 1336 939.
294 1271 367 1335 940.
383 1267 415 1315 et
430 1250 645 1337 antistrophici
656 1252 688 1313 in
705 1271 804 1313 unum
818 1270 940 1314 versum
956 1248 1170 1313 contrahendi.

205 1371 281 1440 939.
306 1354 402 1418 ἔλασε
424 1351 448 1416 δ’
472 1355 502 1436 ἐς
523 1352 558 1415 τδ
578 1351 654 1439 πᾶν]
680 1351 864 1415 Lectionem
890 1351 979 1416 ἔλακε
1005 1373 1097 1414 nemo
1122 1367 1179 1430 est,
1206 1353 1262 1440 qui

160 1454 323 1519 commode
335 1453 548 1541 explicaverit.
594 1453 781 1518 Scholiastes
800 1452 911 1540 legisse
928 1453 1053 1518 videtur
1066 1456 1163 1535 ἤλασε
1178 1455 1203 1518 δ’
1219 1460 1263 1524 εῖς

161 1556 259 1635 τέλος,
281 1557 331 1620 vel
351 1556 451 1637 ἤλασε
474 1559 498 1621 δ’
514 1559 557 1622 εῖς
583 1554 681 1638 ἀγῶν’.
727 1557 959 1642 Interpretatur
984 1557 1084 1621 enim:
1107 1558 1207 1638 ἤλασε
1229 1562 1262 1624 δέ

162 1661 204 1726 εἷς
217 1657 259 1721 Ιτδ
279 1657 367 1724 τέλος
392 1663 444 1720 τοῦ
468 1659 586 1739 δρόμου·
610 1658 627 1719 ὅ
650 1659 743 1730 ἐστιν,
768 1658 865 1737 ἤνυσα
882 1657 936 1721 τδν
961 1659 1071 1740 ἀγῶνα.
1107 1661 1260 1743 Ἀφέκετο,

162 1759 265 1842 φηοέν,
290 1763 332 1827 εἰς
352 1758 387 1822 τδ
412 1758 501 1826 τέλος
522 1763 574 1822 τοῦ
599 1760 724 1841 ἀγῶνος.
763 1760 835 1837 Qua
853 1758 885 1822 in
910 1759 1115 1846 explicatione
1137 1763 1260 1828 nullum

161 1875 244 1924 certe
264 1859 406 1925 lectionis
420 1859 557 1947 vulgatas
572 1876 620 1925 est
634 1860 809 1948 vestigium.
857 1863 919 1927 Sed
938 1864 1014 1928 certi
1036 1864 1114 1930 nihil
1131 1867 1261 1932 definire

161 1962 272 2026 ausim.
308 1960 364 2026 Ad
380 1962 565 2049 scripturam
582 1962 743 2050 vulgatam
760 1963 901 2050 proxime
915 1966 1075 2033 accederet

419 2063 514 2146 έλαχε
529 2064 564 2143 δὴ
579 2064 613 2128 τδ
627 2069 697 2128 πᾶν.

166 2166 282 2230 Totum
295 2187 406 2253 nempe
419 2167 477 2230 Ιιοσ
490 2169 653 2253 negotium
667 2170 760 2254 ητιαςῖ
774 2171 884 2233 sortito
897 2169 1012 2256 obtigit
1027 2172 1142 2236 Oresti.
1159 2174 1258 2237 SCH.

206 2265 231 2330 δ’
247 2270 278 2333 ές
292 2267 339 2352 τδ]
355 2267 379 2331 δ’
396 2268 446 2332 έτδ
462 2268 540 2333 Ald.
555 2268 641 2333 unde
655 2271 687 2332 δὲ
701 2269 736 2332 τὸ
753 2265 856 2334 Turn.

206 2389 279 2455 940.
307 2371 324 2432 δ
349 2369 558 2452 πυθοχρήστας
581 2370 691 2455 φνγδς]
723 2370 825 2433 Schol.
853 2373 869 2434 ὁ
894 2370 952 2434 ὑπὸ
976 2377 1095 2439 Πυθοῦς
1119 2375 1261 2456 χρησθεὶς

161 2467 313 2551 Ὀρέστης.
347 2470 566 2557 Interpunctio
580 2485 651 2557 post
665 2471 763 2553 φυγάς
777 2471 878 2558 posita
892 2471 1020 2536 tollatur
1034 2488 1065 2537 et
1080 2488 1149 2560 post
1166 2476 1261 2556 ὡρμη-

160 2571 250 2652 μένος
264 2572 476 2637 transferatur.

204 2694 278 2757 941.
295 2674 327 2737 εὓ
345 2674 523 2760 φραδαῖσιν]
541 2677 719 2757 έφραδαῖσιν
730 2675 807 2740 Ald.
831 2677 1013 2758 άφραδαῖσιν
1029 2676 1111 2740 Rob.
1136 2680 1168 2741 δέ
1184 2686 1260 2760 φρα-

162 2780 261 2841 δαῖσιν
284 2777 387 2839 Turn.
421 2779 456 2840 έν
477 2783 640 2859 φραδαῖσιν
661 2780 790 2843 Porson.
827 2779 1022 2860 εόφραδσῖσιν
1045 2780 1094 2843 Μ.
1119 2779 1203 2843 unde
1226 2782 1260 2845 εδ

161 2883 323 2959 φραδαῖσιν
337 2880 511 2943 Hermann.
523 2878 677 2967 probante
694 2879 833 2944 Seidlero
848 2879 887 2943 de
899 2880 1003 2943 Verss.
1012 2880 1148 2945 Dochm.
1164 2905 1194 2968 p.
1207 2884 1258 2967 89.

161 2980 215 3065 qui
236 2980 329 3044 etiam
351 3003 422 3044 cum
443 2981 593 3045 Schutzio
609 2982 703 3069 plene
722 2981 888 3069 distinguit
909 2995 981 3068 post
1000 2981 1179 3063 ὡρμημένος,
1195 3006 1258 3049 non

161 3081 240 3147 sicut
269 3083 373 3161 ceteri,
404 3098 476 3170 post
498 3083 607 3166 φυγάς.
642 3084 783 3170 Hesych.
809 3088 974 3165 Φραδαῖσιι
1006 3089 1142 3161 βουλαῖς.
1170 3087 1256 3166 (MS.

162 3185 302 3268 φράδεσι)
313 3200 345 3249 et
356 3207 429 3248 mox
441 3187 561 3268 Φράδηε
584 3184 982 3268 φράξαλέγε-Φρονήσειε
1008 3185 1139 3249 συνέσει.
1163 3186 1259 3252 Binas

160 3286 277 3372 glossas
291 3286 526 3374 conjungendas
547 3310 613 3352 esse
634 3300 738 3351 censet
760 3284 989 3349 Ruhnkenius:
1014 3286 1067 3350 sed
1090 3287 1256 3372 legendum

161 3403 250 3474 puto,
271 3389 388 3472 Φράδετ
413 3388 516 3471 φράζε.
540 3389 623 3471 λέγε.
647 3391 767 3474 Φραδῇι
792 3386 947 3469 φρονήσει.
973 3385 1104 3451 συνέσει.
1142 3389 1256 3475 Eurip.

161 3491 275 3554 Phoen.
299 3493 373 3574 677.
404 3491 568 3557 Παλλάδος
597 3494 723 3572 φραδαῖς
741 3490 746 3574 Ι
765 3494 905 3571 γαπετεῖς
933 3489 1022 3553 δικδιν
1049 3491 1172 3556 ὀδόντας
1191 3490 1197 3578 Ι
1216 3495 1272 3560 εἰςΔ
1377 3550 1381 3561 ,

160 3594 370 3674 βαθυσπόρους
384 3593 466 3674 γόος.
504 3594 665 3656 Penacute
688 3589 832 3654 scribitur
853 3612 903 3676 ap.
920 3589 1048 3653 Pindar.
1066 3590 1116 3655 01.
1136 3610 1187 3673 12,
1206 3615 1218 3657 ι
1224 3614 1257 3679 3.

160 3699 219 3757 τῶν
234 3696 267 3758 δὲ
280 3696 456 3773 μελλόντων
469 3695 673 3775 τετύφλωνται
687 3690 807 3775 φράδαι.
832 3691 1004 3755 BLOMF.

204 3814 277 3880 942.
303 3793 497 3874 ἐπολολύξατ’
511 3793 546 3879 ὦ]
570 3795 621 3859 Sic
642 3793 760 3881 optime
783 3792 942 3857 Seidlerus
962 3793 983 3858 l.
1002 3815 1027 3857 c.
1051 3816 1110 3880 pro
1128 3795 1258 3883 vulgato

161 3896 381 3976 ἑπολολνξάτοι,
391 3895 510 3961 collatis
524 3895 638 3982 Eutip.
652 3897 730 3958 Tro.
742 3914 783 3979 33
785 3913 816 3979 5.
831 3893 959 3974 βοάσατ’
976 3895 1009 3959 εδ
1022 3895 1078 3959 τδν
1087 3894 1256 3976 Ὑμέναιον,

161 3995 194 4072 ὦ,
209 4000 365 4080 μακαρίαις
379 3999 501 4064 άοιδαῖς.
537 3997 650 4061 Phoen.
666 4016 741 4082 302.
758 3999 842 4077 ἔβας,
859 3995 891 4074 ιδ,
910 3999 1009 4082 χρόνῳ
1030 4002 1090 4080 γᾶν
1108 3996 1256 4085 πατρφσν.

160 4113 191 4162 et
207 4098 352 4186 Sophocl.
369 4099 486 4163 Trach.
503 4114 577 4184 205.
595 4100 807 4178 άνολολόξατε,
830 4100 924 4179 δόμοι,
948 4100 1100 4180 ἐφεστίοις
1118 4097 1123 4186 Ι
1143 4102 1258 4165 ἀλαλα-

160 4206 234 4282 γαῖς.
260 4202 433 4265 BLOMF.

202 4321 278 4387 943.
308 4304 414 4383 τριβὰς
435 4301 508 4366 edd.
535 4317 595 4367 vet.
624 4301 679 4366 sed
707 4301 881 4388 genitivum
910 4306 1014 4383 τριβῖις
1042 4316 1125 4366 recte
1154 4302 1259 4386 posuit

160 4404 345 4482 Schutzius3
368 4407 523 4492 effisgs'am
546 4405 701 4467 mulorum
722 4412 753 4467 et
770 4404 958 4490 direptionis
971 4404 1129 4474 δσιιοιτιιπ,
1145 4422 1167 4463 α
1180 4401 1257 4466 doo-

159 4507 217 4572 διισ
245 4508 403 4570 sceleratis
425 4509 547 4592 facta.
593 4508 681 4570 Tum
707 4528 782 4570 vero
811 4507 954 4585 δυσοίμου
979 4506 1072 4586 τόγας
1105 4503 1260 4591 appositio
