2984 5054
526 339 594 402 AD
618 337 888 403 SUPPLICES.
1193 338 1256 402 581

163 497 256 563 ἐστίν.
295 500 342 565 Ἢ
357 503 458 571 οὕτος·
482 504 532 569 καὶ
545 509 608 570 τοῖς
621 504 679 568 ὑπὸ
693 503 827 585 πολέμου
841 503 1020 585 τειρομένοις
1036 504 1086 569 καὶ
1101 506 1259 587 τετραμμέ-

161 621 224 666 νοις
247 603 289 669 εἰς
309 603 409 686 purim
423 606 441 668 t
454 605 558 685 βομὸς
578 604 672 687 Ἄρης
694 607 788 671 ἐστίν·
810 608 977 688 ὑπερμαχεΐ
999 608 1057 688 γὰρ
1082 607 1187 686 αὐτῶν,
1211 610 1260 674 καὶ

161 701 248 767 οὐδὲν
264 704 418 790 πάσχουσι
439 710 488 772 διὰ
508 707 543 770 πὸ
565 707 662 788 σέβας
680 713 740 772 τῶν
759 713 845 773 θεῶν.
890 709 944 773 Ex
965 707 1069 794 priore
1088 708 1260 775 scholiastae

161 801 415 892 interpretatione
444 809 583 896 suspioor
608 832 680 873 eum
710 808 820 894 legisse
843 810 922 889 άιης,
949 832 1006 896 per
1030 810 1153 891 βλάβης
1176 812 1259 877 enim

162 906 307 992 explieat,
319 909 350 972 in
362 909 631 997 ροειαςὶοεεἈρης
640 910 725 998 legit.
749 910 880 976 Grotius
891 912 972 994 ἀρῆς.
983 913 1152 978 STANL.
1176 915 1258 996 ἀρῆς,

161 1007 248 1093 quod
266 1011 340 1092 ἀρᾶς
361 1013 571 1093 scribendum,
587 1016 692 1079 Turn.
707 1013 806 1079 edidit
820 1035 938 1078 memor
951 1013 1082 1079 fortasse
1096 1016 1260 1082 Homerici

161 1120 193 1172 et
222 1111 374 1179 Hesiodei
410 1117 483 1198 άρῆς
511 1118 654 1199 ἀλκτῆρα,
679 1115 765 1202 quod
795 1115 988 1202 comparavit
1016 1117 1259 1205 Bambergerus.

161 1208 380 1298 Ἀρειφνγάσιν
395 1217 539 1284 Bothius.
561 1217 751 1302 Ἀρηφνγάσι
764 1216 906 1282 voluerat
922 1218 1089 1285 Heathius.

204 1316 331 1402 φυγάσι]
347 1320 481 1401 φυγάσιν
495 1322 546 1385 Μ.
561 1336 653 1387 recte.

206 1415 257 1502 85.
280 1421 308 1484 εὶ
323 1422 388 1499 θείη
403 1422 478 1491 Διὸς
495 1424 528 1488 εὖ
542 1423 730 1508 παναληθῶς]
746 1424 863 1486 Versus
884 1437 1062 1511 corruptus.
1094 1426 1186 1504 εῑθείη
1209 1426 1258 1490 Μ.

162 1517 240 1582 Ald.
263 1521 348 1588 Rob.
370 1525 573 1611 conjunctim,
590 1524 677 1613 quod
698 1539 731 1588 et
752 1526 780 1588 el
801 1526 866 1604 θείη
887 1535 919 1587 et
936 1523 999 1610 :em
1021 1529 1065 1605 εἴη
1087 1525 1260 1612 ngnilicare

158 1636 270 1706 potest.

204 1725 255 1790 86.
269 1727 344 1796 Διὸς
364 1728 603 1813 ἵμερος-λαοῖς]
618 1729 712 1792 Jovie
725 1727 889 1791 coetstlium
904 1727 991 1791 Ιιαιιά
1012 1728 1048 1791 θα
1067 1738 1196 1814 promtu
1214 1739 1261 1795 cat

158 1828 339 1914 conjectura
355 1831 534 1918 imdognre3
558 1831 659 1894 nitito
679 1832 780 1894 metm
801 1829 847 1905 td,
862 1831 958 1893 ettam
980 1829 1115 1894 tenebris
1136 1832 1260 1896 inuolu-

160 1935 238 2008 tum,
251 1931 364 2020 ubique
378 1933 518 2020 rqitlget
531 1954 601 1997 cum
620 1941 696 1997 otro
703 1933 856 2018 sottum
877 1939 1056 2017 tempestate
1077 1933 1260 1996 mortalium

155 2033 315 2118 gtemtibtm.
362 2034 563 2122 Comparatio
575 2033 673 2098 ducta
687 2046 734 2098 est
752 2056 774 2097 a
794 2031 972 2118 spectaculo
985 2031 1154 2097 fulminum
1176 2048 1260 2100 atras

160 2133 260 2197 nubes
281 2134 544 2215 interlucentium‚
568 2135 711 2222 adeoquo
731 2137 862 2215 μελαίνα
884 2135 959 2217 τάχα
981 2155 1043 2198 nou
1065 2147 1113 2199 est
1133 2135 1166 2200 h.
1181 2136 1203 2202 l.
1222 2152 1261 2202 ut

159 2235 336 2302 Abresehio
357 2240 498 2324 placebat
512 2249 641 2305 mentm
654 2239 816 2316 οθοαιηια,
832 2237 886 2302 sed
908 2236 1025 2324 potius,
1040 2248 1078 2300 ut
1097 2237 1130 2301 in
1146 2239 1259 2304 effectu

159 2336 295 2403 horridae
317 2342 520 2427 tempestatis,
535 2340 740 2406 calamitatem
763 2339 846 2426 agris
867 2338 1075 2425 importantis,
1094 2339 1256 2426 dirafitr·

158 2448 238 2503 tuno
250 2463 289 2504 αο
302 2443 411 2507 tristia.
436 2444 537 2508 SCH.

202 2543 254 2624 87.
269 2543 380 2629 πάντα]
397 2544 493 2625 πάντη
508 2546 591 2609 Rob.

204 2644 255 2709 88.
278 2645 407 2732 μελαίνᾳ
425 2648 478 2727 ξὺν
496 2649 573 2732 τάχα
594 2648 762 2710 Porsonus.
793 2644 923 2725 μέλαινα
944 2645 1073 2727 ξαντθχα
1090 2643 1173 2709 Rob.
1204 2645 1256 2726 μέ-

158 2754 261 2812 λαιναι
275 2752 415 2833 ξαντθχαι
430 2750 480 2813 Μ.
497 2749 605 2815 Guelf.
621 2746 700 2812 Ald.
721 2746 863 2828 με’λαιναι
876 2744 1030 2829 ξιντνχίαι
1045 2747 1150 2810 Turn.

201 2869 254 2933 90·
277 2851 549 2936 πίπτει-πέλειαν]
571 2852 730 2915 Firmiter
751 2859 855 2913 autem
880 2848 967 2937 Ιιαιιά
989 2849 1141 2934 supinum
1161 2851 1258 2929 cadit,

158 2949 191 3014 h.
207 2976 235 3017 e.
257 2968 377 3018 eertum
399 2954 518 3018 exitum
543 2952 649 3032 habet,
669 2952 755 3017 haud
774 2949 932 3017 lubricum
954 2963 1113 3029 eventum,
1134 2953 1165 3016 αι’
1181 2953 1259 3040 quid

157 3054 288 3118 coneilio
300 3057 398 3119 «Ιονίσ
409 3057 584 3143 perficitor.
609 3056 710 3120 SCH.

201 3155 353 3239 ἀσφαλὲς]
371 3157 518 3238 ἀσφαλῶς
533 3158 636 3220 Turn.
653 3154 761 3240 steph.

202 3274 256 3341 92.
280 3257 398 3341 δαυλοὶ]
423 3258 582 3344 Perplexa
604 3257 688 3320 emim
710 3265 740 3320 et
758 3257 896 3319 obamrae
914 3257 1029 3319 mentia
1053 3256 1177 3321 divinoe
1196 3259 1259 3321 σθω

156 3367 233 3422 sum
251 3378 290 3422 αα
307 3367 474 3445 perspectu
495 3358 650 3444 difficiles,
665 3371 703 3422 ut
716 3356 796 3421 adeo
816 3378 908 3419 nemo
929 3356 998 3442 ejus
1016 3357 1142 3421 oonsilio
1160 3358 1258 3446 impe-

156 3457 225 3522 dire
252 3459 364 3524 valeat.
409 3460 534 3525 Δαυλὸν
562 3459 703 3547 Hesych.
734 3458 812 3543 intp.
839 3459 925 3532 δασύ,
953 3472 986 3522 et
1011 3458 1146 3523 Δάσκιον
1174 3459 1258 3525 idem

156 3559 287 3647 exponit
307 3561 447 3644 μεγάλως
467 3561 590 3640 σκιάζον
613 3565 661 3627 διὰ
683 3561 718 3625 τὸ
743 3562 924 3641 mutuno
947 3561 996 3625 καὶ
1019 3562 1106 3625 δασύ.
1153 3561 1257 3626 Meta·

156 3662 257 3749 phora
277 3662 376 3750 igitur
396 3663 492 3728 ducta
512 3679 559 3729 est
578 3687 597 3728 a
614 3664 666 3728 via
686 3685 743 3750 per
760 3661 881 3748 sylvam
902 3660 1067 3725 arbmibus
1085 3661 1257 3726 confertam

155 3763 290 3852 ideoque
305 3765 484 3852 perplexam
499 3780 532 3829 et
545 3764 754 3852 caliginosam
778 3764 879 3829 SCH.

200 3887 253 3953 94.
270 3868 410 3953 κατιδεῖν]
426 3867 508 3932 κάτει
522 3874 586 3933 δεῖν
600 3866 684 3932 Rob.

200 3985 253 4055 95.
276 3969 300 4034 δ’
323 3972 436 4035 ἆπίοον
457 3970 663 4034 Hermannus
689 3968 730 4033 ad
758 3965 887 4031 Pindnr.
914 3965 976 4030 vol.
997 3986 1028 4052 3.
1054 3989 1086 4053 p.
1108 3982 1184 4051 407.
1205 3967 1257 4032 ed.

159 4071 267 4157 Heyn.
298 4071 321 4136 θ’
336 4075 450 4138 άπιθὸν
468 4074 637 4138 Ροεαοοιιπ,
666 4073 700 4136 δὲ
715 4071 829 4136 inmun
843 4068 940 4155 vulgo
957 4083 1000 4146 et,
1016 4081 1052 4133 ut
1066 4067 1187 4154 opinor,
1203 4071 1257 4148 M,

156 4193 195 4237 ex
217 4196 283 4259 quo
307 4176 341 4239 δὲ
362 4177 475 4240 άπιθῦν
494 4189 667 4239 εοοιαῑιιια.
696 4175 730 4238 δὲ
752 4173 861 4236 ἐπιδὸν
880 4172 954 4237 Par.
1000 4170 1207 4236 Scribendunt
1231 4170 1256 4236 θ’

157 4275 287 4338 ἐλπίδων
301 4296 372 4339 eum
389 4279 575 4341 Hermanno
589 4276 696 4341 Elem.
710 4274 812 4340 doctr.
828 4286 918 4339 metr.
934 4295 966 4359 p.
979 4274 1050 4358 236.

200 4395 254 4460 99.
276 4374 384 4461 οὔτιν’]
403 4379 482 4446 οθπις
500 4400 541 4443 ex
563 4377 682 4444 Aurati
701 4377 848 4463 exemplo
869 4387 902 4438 et
922 4373 1049 4439 duobus
1070 4371 1163 4438 oodd.
1181 4369 1257 4437 citat

157 4476 375 4566 spanhemius.
398 4479 502 4544 SCH.
