2984 5054
281 352 346 419 620
643 355 1021 421 ANNOTATIONES

324 519 398 604 691.
423 521 574 607 πρόνομα]
596 520 654 601 πρὸ
676 525 726 600 τῆς
747 522 863 589 πόλεως
882 523 1031 601 νεμόμενα
1049 521 1279 608 interpretatur
1299 521 1404 586 scho-

280 620 378 686 liaata

323 726 402 803 βοτὰ
415 724 472 789 τὸς
488 723 592 785 Turn.
609 721 719 806 Steph.
739 725 884 804 βρότατος
900 724 949 788 Μ.
966 725 1039 788 Par.
1057 725 1167 789 Guell'.
1182 723 1261 790 Ald.
1280 726 1378 790 Rob.

323 827 395 909 693.
413 828 473 888 πᾶν
488 822 527 909 τ’]
542 822 627 887 πάντ’
643 824 694 888 Μ.
712 823 788 887 Ald.
805 824 889 888 Rob.

322 923 463 1009 λάβοιεν]
477 924 602 989 λάθοιεν
617 926 667 989 Μ.
684 927 758 990 Par.
774 925 883 990 Guelf.
899 926 977 990 Ald.
994 927 1079 991 Rob.

323 1026 397 1109 694.
414 1027 548 1108 εὔφημον
560 1026 669 1090 Guelt‘.
685 1026 784 1090 Tum.
801 1027 911 1115 Steph.
927 1031 1064 1110 εὔφημον
1080 1027 1155 1091 Ald.
1172 1026 1317 1110 εὔφήμοις
1334 1029 1393 1094 Μ.

281 1128 352 1190 Par.
376 1127 504 1209 ὰφήμοις
519 1129 605 1192 Rob.
652 1128 857 1193 Scribendum
875 1131 1020 1211 εὔφαμον.

323 1226 496 1305 ἐπιβάντων
520 1226 681 1304 Butlerus,
706 1227 851 1292 Turnebi
877 1228 1029 1314 deceptus
1054 1227 1292 1314 interpolatione
1321 1232 1394 1295 ἐπι-

278 1331 388 1413 βοῷεν,
407 1350 501 1413 quarn
525 1327 641 1415 recepit
664 1329 774 1415 Steph.
818 1329 1043 1393 Revocandum
1068 1331 1117 1394 ἐπὶ
1137 1335 1251 1410 βωμοῖς
1272 1353 1312 1394 ex
1332 1332 1390 1397 M.

280 1431 354 1494 Par.
371 1429 455 1494 Rob.
480 1431 528 1494 ἐπὶ
542 1437 653 1511 βωμῶν
669 1430 776 1494 Guelf.
800 1433 956 1510 ἑπιβωμάν
972 1430 1050 1495 Ald.

323 1533 398 1617 695.
426 1536 549 1595 Μοῦσαι
574 1532 642 1595 θεαί
663 1530 702 1615 τ’]
729 1531 959 1616 Corrigendum
984 1536 1101 1612 μοῦσαν
1125 1537 1214 1595 θεῖεν.
1250 1533 1390 1612 εὔφημος

278 1637 377 1714 μοῦσα
399 1647 435 1697 ut
453 1635 582 1714 στυγερὰ
602 1637 700 1711 μοῦσα
719 1634 855 1696 Eumen.
873 1634 947 1716 298.
969 1649 1001 1697 et
1022 1633 1121 1698 multa
1143 1632 1262 1708 similia,
1284 1639 1389 1699 θεῖναι

279 1739 398 1813 μοῦσαν
412 1749 448 1799 ut
465 1740 560 1798 θεῖναι
573 1734 666 1813 μέλος
681 1736 767 1798 Pers.
784 1755 855 1818 999.
881 1734 1085 1799 AHRENS.
1103 1757 1135 1820 p.
1155 1736 1206 1798 26.
1240 1735 1389 1821 Egregia

280 1830 347 1896 haec
361 1848 408 1896 cst
422 1832 609 1908 emendatio,
626 1833 683 1896 nisi
703 1833 789 1918 quod
807 1833 908 1896 forma
929 1833 1032 1897 media
1054 1832 1144 1897 θείατ’
1164 1833 1305 1919 praeferri
1329 1838 1387 1899 de·

280 1932 396 1996 bebat:
429 1933 469 1998 de
493 1957 558 2019 quo
581 1934 701 1998 monuit
725 1936 928 1999 Hermannus
953 1935 984 1997 in
1008 1934 1118 1998 Jahnii
1142 1935 1322 1999 Annalibus
1350 1962 1383 2002 a.

283 2036 376 2120 1832.
393 2033 453 2099 vol.
469 2037 498 2097 6.
515 2057 546 2120 p.
562 2055 614 2113 41.

324 2138 396 2220 696.
412 2135 436 2199 r'
452 2159 514 2200 om.
533 2137 617 2200 Rob.

324 2243 398 2323 697.
415 2238 510 2324 φήμα]
528 2239 732 2303 Scribendum
749 2240 844 2322 φάμα.

323 2342 397 2426 698.
421 2343 535 2421 ἀτιμίαι
556 2341 652 2426 τιμὰς]
675 2341 787 2406 Lectio
809 2342 927 2407 vitiosa.
974 2343 1157 2421 Scholiasta,
1173 2346 1386 2424 ἆμεταιιίνηποι

281 2444 342 2509 εἶεν
364 2445 463 2511 adroic
485 2447 515 2508 al
541 2445 632 2523 τιμαί.
659 2446 773 2523 θτιμιᾶς
797 2447 885 2525 τιμὼς
907 2444 984 2508 Ald.
1011 2447 1139 2525 εὔτιμίας
1164 2449 1247 2527 τιμᾶς
1272 2446 1383 2511 Turn.

280 2548 434 2630 ἂσφαλίας
448 2549 532 2626 τιμάς
546 2548 618 2612 Par.
641 2548 796 2628 άαφαλίας
810 2547 902 2611 etiam
922 2547 954 2610 in
975 2545 1114 2633 margine
1130 2549 1180 2611 M.
1202 2545 1318 2632 legitur
1339 2571 1383 2613 ex

279 2648 473 2734 glossemate.

323 2752 396 2834 699.
412 2747 459 2832 τά]
475 2748 529 2826 τὴν
545 2750 647 2812 Turn.
665 2749 774 2835 Steph.

323 2876 396 2940 700.
419 2858 596 2943 προμαθεῦς]
619 2847 784 2939 προμῆθεῦς
807 2860 856 2922 Μ.
883 2860 1046 2940 προμηθεῦς
1068 2861 1176 2925 Guels.
1203 2860 1282 2923 Rob.
1306 2864 1383 2941 πρό-

278 2983 362 3038 μητιτ
377 2958 511 3023 Bothius
525 2959 556 3022 in
572 2958 708 3023 editione
723 2958 833 3045 prima.
856 2963 1004 3045 προμαθίη
1023 2964 1187 3042 κοινόμητις
1203 2961 1382 3025 Lachman-

280 3083 340 3125 nus
356 3060 397 3124 de
416 3060 502 3125 chor.
518 3078 593 3147 syst.
610 3084 641 3147 p.
659 3063 711 3141 64.
756 3061 856 3125 Recte
876 3077 1048 3127 correctum
1064 3063 1189 3128 videtur
1204 3065 1380 3157 solariumst,

279 3161 333 3225 sed
356 3162 542 3227 serrandum
566 3165 749 3245 apopotloic:
787 3186 858 3227 nam
877 3163 988 3227 vitium
1008 3186 1069 3227 non
1087 3164 1119 3228 in
1139 3164 1198 3228 hoc
1213 3164 1380 3244 vocabulo,

279 3264 333 3329 sed
347 3264 379 3330 in
402 3265 625 3352 antistrophico
639 3266 744 3354 potius
758 3269 998 3349 δαφνηφόροιοιν
1012 3288 1041 3329 ν.
1058 3268 1132 3348 706.
1146 3267 1232 3330 latet.
1280 3267 1379 3331 Scho-

278 3365 377 3444 liasta,
392 3369 410 3448 ἡ
425 3371 483 3451 γὰρ
498 3369 575 3453 ἀρχὴ
590 3368 646 3433 ὑπὸ
661 3375 720 3433 τῶν
739 3375 846 3433 κοινῶν
864 3367 1065 3450 προνοουμένη
1087 3368 1142 3447 τήν
1163 3393 1196 3432 τε
1216 3370 1308 3432 πόλιν
1332 3371 1380 3433 καὶ

279 3469 313 3533 τὸ
328 3471 429 3534 κοινὸν
444 3472 535 3549 αὔξει.

323 3590 396 3654 701.
419 3572 696 3657 ξένοισι-διδοῖεν]
714 3573 759 3636 Et
780 3573 966 3659 hospitibus,
987 3594 1010 3635 ε.
1026 3571 1197 3658 peregrinis
1217 3572 1378 3659 gentibus,

279 3673 322 3736 od
335 3676 470 3738 amicam
484 3677 731 3762 compositionem
744 3675 909 3761 proclives,
922 3677 1110 3761 priusquam
1125 3676 1235 3739 bellum
1246 3686 1379 3761 parent,

280 3776 316 3839 id
335 3777 418 3864 quod
428 3775 556 3861 juetam
578 3785 634 3853 eat,
657 3777 726 3840 aine
745 3776 861 3840 domm
880 3777 1033 3840 tribuant.
1074 3775 1172 3840 Stanl.
1193 3799 1377 3862 perperam:

280 3877 513 3964 hospitibusque
513 3879 672 3963 feliciter,
683 3880 873 3965 prinsquam
888 3887 1014 3941 arment
1024 3878 1165 3941 Mortem
1179 3878 1249 3941 liter
1263 3879 1380 3963 adaque

280 3979 395 4042 θαοιιιο
411 3981 590 4043 concedant.
614 3979 798 4060 εὔβῦμβολος
819 3993 866 4043 est
887 4001 957 4042 cum
977 4001 1037 4066 qno
1046 3979 1154 4064 facile
1173 3980 1378 4066 paciscimur,

280 4081 324 4144 ad
336 4084 470 4145 amicam
482 4083 549 4147 litto
562 4084 811 4169 compositionem
828 4103 961 4167 pronum
984 4085 1053 4162 άτερ
1072 4081 1213 4160 πημάτων
1227 4080 1268 4144 ad
1283 4080 1380 4168 Argi-

281 4207 337 4247 vos
356 4183 498 4270 pertinet.
550 4185 673 4270 Nempe
695 4184 749 4270 qui
767 4185 854 4270 juste
875 4204 945 4247 cum
969 4182 1036 4248 aliia
1057 4183 1135 4269 agit,
1150 4183 1240 4247 facile
1262 4183 1379 4247 damno

281 4309 317 4350 ac
331 4286 518 4351 detrimento
531 4300 624 4351 caret.
648 4289 750 4351 SCH.
895 4286 899 4294 ’

325 4407 398 4471 704.
419 4389 503 4457 θεοὺς
517 4387 541 4453 δ’
557 4389 586 4452 ol
599 4389 872 4474 γᾶν-ἐγχωρίους]
888 4389 1007 4474 Legem
1023 4410 1043 4450 a
1058 4386 1256 4473 Triptolemo
1269 4386 1377 4465 latam,

279 4510 299 4550 a
324 4491 469 4556 Dracone
494 4491 667 4556 restitutam
696 4492 738 4577 [v.
762 4489 858 4556 Petiti
879 4491 960 4575 Leg.
982 4491 1054 4555 Att.
1083 4513 1114 4575 p.
1139 4489 1218 4574 69.],
1241 4489 1375 4576 respicit,
