2984 5054
254 331 319 396 588
615 328 992 395 ANNOTATIONES

296 497 349 585 δι]
366 496 571 561 Scribendum
587 497 630 560 δυ
643 518 715 560 cunr
732 496 883 561 Martino.

298 619 370 666 201.
386 607 448 667 πῶς
462 599 516 679 ὅτίς
542 599 679 683 τοσοῦτο]
696 605 757 666 πῶς
772 602 844 678 δῆτα
858 603 944 662 τοῦτο
960 600 1001 662 Τ.
1021 596 1104 661 Rob.

297 720 370 783 204.
387 701 508 786 δέκτωρ]
527 700 552 764 δ’
569 701 653 783 έκτορ
669 700 777 765 Guelf.
793 699 870 764 Ald.
894 697 918 763 δ’
934 701 1026 781 έκτωρ
1041 701 1085 762 Τ.
1102 697 1187 762 Rob.

295 806 417 884 otpuror
440 804 551 886 δέκτωρ
575 804 643 868 υέου
668 819 715 867 est
737 825 826 868 novae
845 803 940 868 cadis
962 802 1107 867 defensor
1129 826 1166 866 ac
1188 815 1355 890 patronus,

250 905 306 992 qui
328 929 396 970 earn
422 906 454 971 in
482 930 514 970 se
539 905 659 992 recipit.
714 907 765 972 Sio
789 905 947 987 διοδέκκωρ
973 904 1086 993 Eurip.
1114 906 1193 969 Ione
1215 928 1247 968 v.
1269 907 1350 1010 ‘4783

252 1009 353 1072 SCH.

293 1113 366 1179 206.
394 1110 585 1191 προπομποὺς
610 1108 643 1175 b.
666 1110 686 1175 l.
713 1110 745 1174 in
770 1112 881 1175 malam
906 1125 1025 1197 partem
1056 1109 1282 1197 accipiendum,
1310 1110 1351 1175 de
1484 1117 1486 1124 '

248 1211 368 1277 deabus
383 1210 547 1276 ultricibus
560 1235 664 1299 poenae
677 1236 772 1277 causa
785 1212 946 1278 scelestum
963 1211 1230 1300 persequentibus.
1248 1214 1350 1277 SCH.

294 1334 367 1399 209.
382 1315 473 1397 γέρας
488 1319 594 1402 καλόν]
614 1316 737 1382 lronice
750 1316 880 1381 dictum.
905 1317 1005 1381 SCH.

252 1474 256 1479 .
292 1436 365 1484 211.
391 1418 544 1505 γυναικὸς]
570 1418 816 1508 Intelligendum
842 1418 940 1502 φονέα
964 1441 1004 1483 ex
1025 1418 1220 1506 praecedente
1240 1443 1350 1502 μητρο-

246 1529 364 1690 λοιὸιςδ.
381 1626 480 1689 Hunc
495 1646 618 1688 versum
638 1622 777 1711 Apollini
791 1623 954 1689 continuat
968 1622 1045 1688 Ald.

289 1725 430 1814 ὅμαιμος]
447 1729 560 1814 Neque
574 1725 656 1790 enim
671 1750 712 1791 ex
725 1727 835 1790 eodem
850 1727 1002 1813 sanguine
1021 1725 1166 1813 prognati
1186 1743 1260 1790 sunt
1281 1748 1349 1789 ma·

104 1887 106 1896 .
245 1829 325 1895 ritus
345 1845 377 1894 et
400 1853 489 1895 uxor.
535 1828 657 1894 Eodem
681 1846 868 1917 argumento
889 1828 929 1894 ad
946 1829 1217 1916 Clytaemnestrarn
1240 1828 1349 1893 defen-

245 1926 380 1992 dendam
399 1928 500 1994 utitur
514 1928 629 1995 chorus
644 1952 673 1994 v.
689 1933 763 2014 605.

291 2049 364 2115 213.
381 2031 464 2117 Art]
481 2032 588 2095 Choro
603 2032 713 2097 tribuit
728 2030 808 2096 Ald.

252 2178 255 2182 ·
287 2132 416 2219 ἠρκέσω]
439 2134 550 2199 Lectio
572 2133 691 2200 vitiosa
714 2134 831 2218 ἂρκέσω
849 2136 921 2199 Par.
945 2135 1066 2218 ἀρκέσει
1079 2134 1222 2200 Bothius.
1247 2132 1347 2214 ᾐδέσω

245 2233 459 2300 Wellauerus.

288 2340 361 2403 216.
379 2339 527 2425 γίγνεται]
542 2341 657 2422 γίνεται
671 2340 750 2406 libri.

287 2459 360 2524 217.
383 2442 527 2524 μόρσιμος
541 2444 625 2508 Rob.
648 2446 788 2527 μόρσιμοι
804 2445 851 2509 M.
869 2444 975 2509 Guelf.
991 2443 1069 2510 Ald.
1093 2446 1222 2527 μορσίμη
1238 2445 1343 2512 Turn.

245 2542 355 2629 Stepb.
372 2560 455 2609 recte
469 2545 609 2610 fortasse.

286 2647 358 2711 218.
381 2647 470 2727 ὅρκου
490 2646 550 2711 ’στὶ
573 2649 741 2714 Porsonus.
765 2651 869 2731 ὅρκουι
889 2674 918 2713 τι
941 2649 991 2711 Μ.
1012 2650 1085 2713 Par.
1106 2648 1184 2713 Ald.
1206 2651 1296 2732 ὅρκου
1316 2676 1346 2715 τι

243 2746 352 2811 Guell'.
369 2750 467 2830 ὅρκοις
485 2748 555 2832 (οἱοὶ
570 2749 620 2815 bic
636 2751 809 2838 typothetoe
824 2773 910 2814 error
924 2764 971 2815 est
986 2773 1044 2838 pro
1058 2752 1175 2836 ὅρκους)
1191 2777 1220 2816 τι
1233 2773 1272 2815 ex
1285 2774 1345 2816 suo

241 2847 348 2913 oodioe
364 2850 454 2914 affert
475 2851 559 2916 Rob.
580 2851 635 2939 qui
658 2851 724 2942 ipse
746 2855 832 2935 ὅρκος
853 2879 897 2921 τις
918 2853 1051 2940 scripsit.
1072 2855 1163 2936 ὅρκου
1183 2878 1216 2917 τε
1238 2855 1343 2918 Turn.

244 2951 353 3038 Stepb.

286 3075 357 3140 219.
374 3057 401 3121 εἰ
415 3058 581 3123 Canterus.
604 3059 719 3140 ttibri.
832 3072 834 3076 ‘
872 3065 882 3098 '·

284 3176 358 3225 220.
379 3160 533 3247 γευέσθαι]
557 3162 763 3240 Soribenduur
787 3165 921 3229 τίνεσθαι
942 3185 1015 3227 curn
1036 3161 1195 3226 Meinekio
1214 3161 1253 3226 ad
1271 3163 1343 3226 Me-

240 3260 351 3325 nandr.
367 3284 400 3348 p.
418 3266 491 3328 226.

255 3382 355 3443 „uun
379 3365 537 3452 Apollinis
559 3390 691 3455 persona
713 3371 843 3456 praefixa
865 3370 896 3433 in
920 3369 996 3433 Ald.
1019 3369 1075 3452 qui
1098 3391 1206 3433 versus
1226 3389 1342 3455 prace-

239 3464 348 3532 dentes
361 3469 457 3534 choro
471 3469 634 3536 tribuerat.

282 3567 327 3653 σ’]
344 3569 372 3652 γ’
390 3571 439 3634 Μ.
456 3571 563 3636 Guelf.
579 3571 657 3636 Ald.
674 3620 678 3628 -

255 3673 489 3759 dubpobarciu]
520 3675 628 3756 ἄνδρας
658 3680 758 3738 κοτεΐυ
789 3675 876 3760 (fort.
907 3695 965 3758 pro
993 3678 1113 3754 πατεῖν)
1142 3673 1240 3739 codex
1270 3676 1339 3739 Ro-

239 3773 371 3838 bortelli.

282 3894 354 3941 222.
369 3875 450 3961 οἶδα]
468 3879 549 3941 οὗτοι
565 3878 609 3941 T.

260 3979 316 4039 -τδ
336 3977 394 4055 μὲν
414 3978 485 4063 γὰρ]
501 3979 644 4042 Alterum
666 3982 747 4044 euim
766 3981 893 4068 (nempe
908 3981 1027 4047 Orestis
1040 3982 1187 4065 facinus)
1203 3982 1292 4046 video
1309 3992 1339 4045 te

237 4079 407 4164 <egerrime
421 4080 541 4158 tulisse,
558 4082 728 4147 vehementi
742 4083 779 4148 οδ
797 4085 833 4146 id
849 4085 903 4147 ira
917 4086 1088 4162 incentum,
1103 4087 1243 4150 alterum
1264 4106 1338 4149 uero

238 4178 521 4267 (Clytaemnestrae)
537 4184 812 4251 mrdtoromiraiur
826 4193 974 4251 arcura.
1000 4188 1102 4251 SCH.

281 4301 352 4364 224.
375 4286 409 4346 δέ
431 4284 575 4370 Πολλὰς]
599 4288 625 4349 δ’
643 4286 689 4352 ἐπ’
710 4288 807 4355 ἄλλος
829 4288 938 4354 Guell'.
954 4288 1032 4354 Ald.
1056 4291 1161 4357 Turn.
1183 4304 1216 4354 et
1236 4288 1335 4356 uodex

237 4384 422 4450 Robortelli.

280 4503 351 4573 225.
367 4490 445 4554 λίπω
461 4490 629 4556 Porsonus.
652 4493 746 4557 λείπω
759 4491 840 4556 libri.
