2984 5054
480 349 548 412 AD
572 349 905 414 CHOEPHORAS.
1177 348 1244 412 505

186 533 261 602 954.
284 516 447 583 Lacunam
469 532 541 607 post
562 519 631 584 haec
653 518 747 584 verba
764 518 912 584 indicavit
934 519 1138 583 Hermannus
1155 518 1243 605 apud

143 618 368 683 Bluemnerum
383 619 415 683 in
430 620 535 685 libello
548 620 589 684 de
600 619 725 685 notione
738 620 795 685 fati
811 645 841 708 p.
855 623 907 706 63.
934 620 1132 685 Exciderunt
1145 619 1244 704 hujus

141 721 327 808 antistrophi
356 745 462 787 versus
486 721 589 786 ultimi
610 722 676 787 duo
700 723 915 811 proximaeque
940 722 1078 811 strophae
1100 723 1244 810 quinqua

165 846 246 888 nnn.

141 845 165 910 p
186 931 206 995 9
207 929 227 994 5
228 926 261 992 5.
275 908 320 973 ἐπ’
336 912 421 993 ὅχθει
435 909 507 988 δξεν
522 910 618 991 (δξεό
629 910 800 996 Stanleius)
816 911 932 977 ἀδόλως
946 910 1064 995 δολίαν]
1081 909 1125 974 ἐπ’
1139 912 1244 994 ἐχθρο-

143 1009 240 1090 ξένοις
258 1009 265 1097 Ι
284 1014 417 1075 δόλοισιν
446 1014 533 1075 δόλια
561 1012 775 1077 Hermannus.
819 1015 936 1077 Versus
964 1011 996 1075 in
1021 1014 1070 1075 M.
1102 1012 1145 1077 sic
1169 1026 1244 1076 sunt

143 1113 235 1177 dirisi
248 1113 389 1196 μέγαν-
406 1112 412 1200 Ι
431 1115 545 1192 &fav-
562 1113 569 1199 Ι
587 1116 847 1196 βλαπτομέναυ-
864 1115 870 1203 Ι
890 1121 1050 1180 θεῖσαν-.

188 1217 261 1300 956.
282 1217 387 1279 δολίαν
407 1215 517 1302 Steph.
549 1219 652 1285 δολέας
672 1217 744 1281 libri
763 1216 886 1304 reliqui.
924 1216 1096 1282 Scholiasta
1117 1218 1241 1280 tortae:

144 1316 200 1396 ripa
215 1316 480 1397 Κλυταιμνήστραν
493 1318 547 1395 τὴν
562 1320 669 1384 δολίως
682 1316 881 1398 βλάπτουσαν
896 1319 944 1382 καὶ
958 1319 1009 1382 έπῖ
1022 1317 1119 1381 πολὺν
1133 1319 1245 1399 χρόνον

145 1417 199 1482 πδν
220 1417 303 1482 οἶκον
324 1420 477 1503 έποίχεται
497 1421 516 1499 ἡ
536 1421 610 1500 δίκη.
633 1422 778 1500 ἐπεξῆλθε
796 1420 851 1499 τὴν
872 1422 954 1499 δίκην
977 1418 1192 1500 βλαπτομένην
1211 1420 1245 1482 έκ

145 1524 263 1584 πολλοῦ
276 1519 431 1602 Ὀρέστης.

189 1637 263 1707 957.
279 1629 494 1706 χρονισθεῖσαυ
509 1627 722 1701 Hermannus.
747 1628 781 1690 ἐν
794 1628 914 1709 χρόνοις
927 1629 1033 1689 θεῖσαν
1047 1621 1129 1687 libri.

190 1725 263 1809 958.
280 1727 396 1790 Versus
409 1741 585 1814 coemptus,
600 1750 662 1791 non
678 1727 861 1791 emendatus
875 1726 916 1791 ab
931 1725 1112 1791 editoribus.

190 1829 339 1910 κρατεῖταί
350 1827 425 1915 πυς]
443 1835 545 1911 κρατεῖ
556 1828 590 1894 δέ
603 1855 665 1896 πως
681 1831 808 1906 Portus,
826 1827 992 1894 Stanleius.
1024 1831 1126 1909 κρατεῖ
1137 1822 1170 1889 τέ
1183 1850 1247 1893 πως

146 1928 259 2015 aliquis
287 1929 319 1992 in
346 1931 453 2016 Marg.
483 1929 566 1994 Aah.
595 1929 748 2016 probante
773 1930 924 1995 Elmsleio
947 1929 986 1993 ad
1016 1927 1130 2015 Eurip.
1154 1927 1245 1991 Med.

147 2052 181 2115 p.
198 2031 247 2094 86.
263 2054 294 2095 n.
307 2030 365 2117 qui
378 2047 484 2095 monet
499 2047 633 2096 metrum
648 2031 730 2096 idem
746 2055 812 2096 esse
827 2033 923 2119 hujus
937 2055 1046 2096 versus
1064 2054 1101 2095 ac
1121 2049 1194 2115 957.
1211 2032 1246 2094 τὸ

147 2137 208 2196 πᾶν
223 2136 298 2198 ἰδεῖν
312 2135 435 2198 ἀκοῦσαι
450 2132 628 2216 θρεομένοις.
663 2134 801 2198 Omnino
815 2133 893 2198 falsa
904 2148 950 2198 est
966 2133 1139 2198 scholiastae
1153 2132 1248 2196 inter-

147 2233 300 2321 pretatio;
325 2233 533 2316 συμβάλλεται
546 2236 600 2301 οὖν
613 2235 647 2299 τδ
662 2241 745 2300 θεῖον
761 2242 824 2303 τοῖς
837 2237 877 2317 μὴ
892 2238 1093 2318 ὑπουργοῦσιυ
1113 2240 1176 2301 τοῖς
1196 2260 1247 2298 κα-

149 2342 222 2412 κοῖς,
238 2358 295 2398 nec
309 2335 428 2414 melius,
443 2349 479 2400 nt
494 2337 616 2423 opinor,
633 2336 948 2422 Smnleinafirmiter
958 2334 1169 2401 statuebam
1181 2356 1246 2398 noo

147 2438 301 2525 opituhari
337 2438 440 2502 molis.
485 2440 586 2503 Recte
619 2461 693 2502 vero
723 2438 893 2518 Heathius,
921 2439 1098 2525 Imperium
1130 2438 1247 2502 obtinet

147 2541 370 2628 ρυοιὶαυιυιοόο
383 2540 538 2605 divinitas
552 2563 592 2606 ea
606 2563 640 2605 eo
653 2544 736 2630 quod
756 2541 850 2605 molis
870 2561 997 2628 operam
1018 2561 1083 2603 που
1102 2547 1245 2623 praelat.

149 2645 247 2708 Voces
268 2646 349 2724 παρὰ
370 2643 404 2706 τδ
425 2643 465 2724 μὴ
485 2646 646 2727 ὑπουργεῖν
670 2651 767 2712 κακοῖς
787 2643 937 2708 Butlerus
957 2642 1131 2730 pedestrem
1152 2640 1247 2704 inter-

148 2745 245 2833 pretis
257 2744 427 2809 orationem
442 2768 549 2832 sapere
562 2746 741 2812 arbitratur.
766 2747 938 2820 BLOMF.

192 2849 265 2931 960.
281 2849 364 2927 δξιον
380 2847 522 2912 Bothius.
545 2850 628 2928 δξιον
643 2849 668 2913 δ’
682 2848 762 2913 libri.
783 2850 851 2927 δξια
865 2849 889 2911 δ’
905 2850 1120 2912 Hermannus.
1142 2846 1248 2908 Revo-

150 2950 285 3014 candum
305 2948 350 3013 h’:
374 2971 446 3013 nam
466 2949 534 3014 vitii
555 2972 618 3015 non
639 2949 845 3015 animadversi
868 2950 957 3015 sedes
975 2964 1022 3014 est
1041 2949 1072 3012 in
1092 2945 1247 3034 adjectivo

150 3053 244 3130 δξιον.

193 3154 377 3236 οὐρανοῦχον
391 3153 501 3238 δρχδν]
518 3153 700 3232 Scholiasta,
715 3155 782 3222 τοὺς
796 3155 882 3223 θεοὺς
894 3153 913 3233 ἢ
927 3154 981 3218 τὸν
997 3155 1040 3216 Δί
1060 3199 1068 3216 .

193 3259 268 3340 961.
283 3254 363 3337 πάρα
376 3256 425 3340 rh]
442 3260 523 3338 παρὰ
536 3256 570 3320 τδ
582 3259 687 3321 Turn.
704 3257 814 3343 steph.
836 3255 918 3337 παρά
932 3281 964 3319 τε
980 3256 1031 3317 Μ.
1047 3253 1155 3317 Guelf.
1169 3253 1246 3317 Ald.

152 3357 232 3439 πόρα
246 3358 373 3423 τεΒοδ.

195 3460 280 3545 ἰδεῖν]
296 3462 385 3524 εῖδεῖυ
400 3459 484 3524 Rob.

193 3567 266 3647 962.
282 3561 361 3646 μέγα
376 3564 493 3627 Portus
507 3577 539 3627 et
554 3563 722 3626 Porsonus.
743 3560 841 3644 μέγαν
854 3558 934 3623 libri.

193 3665 231 3751 τ’]
244 3670 270 3749 γ’
287 3668 413 3730 Portus.
448 3664 568 3752 Aptius
583 3664 607 3728 δ’
624 3663 836 3728 Blomfieldus.

194 3766 359 3856 ἀφῃρέθην]
381 3765 516 3849 δφῃρέθιγ
532 3766 694 3831 Stanleius.
740 3768 846 3845 Quum
861 3763 947 3829 chori
968 3784 1029 3826 non
1045 3775 1147 3825 essent
1161 3758 1245 3834 οῖιιοι,

151 3870 237 3957 loqui
251 3870 305 3934 vix
320 3870 425 3957 potuit
437 3869 469 3933 in
484 3869 585 3957 prima
598 3892 738 3956 persona.

193 3974 324 4058 ψάλιον]
349 3973 491 4059 Hesych.
507 3979 560 4038 iit:
587 3972 775 4055 καλυτήριον,
798 3971 934 4054 χαλινός.
972 3967 1067 4046 Quod
1088 3965 1130 4030 ad
1151 3977 1247 4028 meta-

152 4075 283 4162 phoram
298 4075 420 4156 attinet,
434 4075 612 4140 conferatur
627 4078 745 4162 Agam.
760 4093 831 4159 132.
855 4070 1031 4135 BLOMF.

195 4181 268 4264 963.
290 4179 385 4260 ἄναγε
404 4181 465 4258 μὸν
486 4179 585 4258 δόμοις
603 4176 681 4242 Ald.
704 4176 784 4242 nob.
809 4173 919 4261 steph.
943 4171 1012 4256 (sed
1035 4171 1130 4252 ἄναγε
1152 4167 1245 4251 Ald.)

152 4283 210 4345 ἆνῖι
224 4285 320 4364 γεμδιν
336 4283 440 4345 Turn.
480 4279 574 4359 Quod
589 4278 674 4357 dedi,
688 4278 892 4344 certissimum
915 4289 1013 4362 puto:
1038 4274 1124 4346 Quin
1143 4291 1249 4334 resur-

147 4386 239 4470 gitm·
265 4384 398 4448 Homer.
415 4382 454 4446 Il.
471 4388 507 4461 Σ,
526 4398 595 4464 179.
610 4379 699 4444 Ἀλλ’
714 4382 782 4455 ἄνα,
798 4377 862 4460 μηδ’
883 4378 927 4441 έτι
949 4382 1042 4440 κεῖσο.
1079 4370 1246 4447 Heathius,

677 4501 730 4564 38
