2984 5054
494 342 562 408 An
585 343 918 442 cnonpnonns.
1191 346 1256 410 ιον

157 511 244 592 ξένου
272 514 324 579 τδν
346 512 495 595 Ὀρέστην
520 521 615 589 καλεῖ,
639 515 688 579 ἵνα
713 513 842 594 δόξωσιυ
868 515 991 596 ἀγνοεῖν
1013 512 1047 578 τδ
1072 516 1254 596 σκαιόρημα.

157 614 334 680 BLOMF.

199 717 289 805 ἁνὴρ]
306 720 380 802 ἁνὴρ
394 719 478 786 libri.

200 836 273 906 732.
297 823 432 888 Κίλισσα
454 825 504 888 Μ.
522 823 625 886 Turn.
660 825 786 886 κιλέσσω
807 820 916 885 Guell'.
932 819 1009 885 Ald.
1042 821 1190 885 Γεέλισσα
1211 821 1254 885 R.

158 923 266 1010 steph.
305 925 478 989 Scholiasta
499 923 538 989 ad
562 946 591 987 v.
609 940 681 1008 733.
705 928 729 987 Γ
729 923 871 988 εέλισσαν
887 921 921 986 δέ
944 932 1021 1005 φησι
1041 925 1097 1002 τὴν
1109 922 1256 1005 Ὀρέστου

156 1026 279 1109 τροφὸν,
303 1030 454 1110 Πίνδαρος
471 1029 504 1092 δὲ
529 1026 638 1114 (Pyth.
664 1045 714 1103 11,
733 1024 800 1110 25.)
823 1023 993 1107 Ἀρσινόην,
1018 1028 1202 1110 Στησίχορος
1221 1028 1254 1090 δὲ

156 1127 355 1208 Λαοδάμειαν.
393 1129 598 1194 Laodamiam
616 1128 710 1192 etiam
731 1127 929 1215 Pherecydes
949 1127 1036 1215 apud
1058 1128 1254 1194 scholiastnm

158 1230 297 1296 Pindari.
337 1233 472 1295 Κίλισσα
490 1229 576 1318 apud
592 1228 783 1317 AEsehylum
804 1251 918 1293 nomen
932 1244 1055 1295 estnon
1077 1230 1254 1318 proprium,

157 1332 211 1397 sed
225 1332 352 1420 gentile.
373 1332 476 1397 Schol.
491 1331 656 1418 Aristoph.
672 1332 746 1396 Pac.
762 1334 836 1417 362.
854 1337 1007 1397 Κιλλικῶν
1022 1335 1055 1398 δὲ
1070 1332 1180 1412 ἐκλήθη
1195 1332 1255 1397 δτδ

158 1437 306 1516 Κιλίσσης
318 1439 441 1516 τροφοῦ.
465 1435 611 1521 Epyaxn,
625 1431 758 1497 Cilicum
773 1434 855 1521 regis
869 1458 961 1514 uxor,
978 1438 1111 1501 Κίλισσα
1125 1451 1255 1501 vocatur

156 1536 197 1601 ab
213 1536 364 1624 Xenoph.
380 1537 487 1602 Annb.
506 1557 536 1617 1,
551 1555 582 1616 2,
601 1553 650 1603 12.

200 1655 276 1724 733.
292 1639 430 1723 ἄμισθος]
449 1637 631 1718 Scholiasta,
646 1640 832 1717 κακόμισθος·
855 1639 965 1720 δόκρνα
978 1642 1037 1721 γδρ
1051 1646 1196 1721 προξενεῖ.

201 1760 273 1826 734
289 1741 357 1810 τοὺς
370 1740 484 1825 ξένους]
505 1739 686 1805 Lectionem
703 1738 843 1805 vitiosam
858 1741 979 1806 notavit
993 1742 1162 1808 Porsonus.
1192 1747 1256 1811 τοῖς

157 1843 253 1924 ξένοις
267 1842 426 1908 Pcnwius.

203 1946 274 2031 738.
298 1945 381 2030 θέτο]
404 1946 488 2010 ἔθετο
504 1945 680 2010 Henthius:
704 1965 808 2030 neque
828 1943 860 2007 in
877 1944 938 2008 hoc
951 1944 1020 2010 loco
1033 1960 1081 2010 est
1094 1969 1152 2011 cur
1165 1946 1257 2012 omit-

159 2063 244 2114 tatur
257 2062 472 2136 augmentum.
496 2049 672 2113 BLOMF.

201 2156 382 2234 σκυθρωπῶν
398 2150 507 2238 Steph.
531 2149 707 2233 σκυθρωπόν
717 2149 787 2214 libri
799 2149 921 2235 reliqui.
946 2148 1118 2232 σκυθρωπὸς
1129 2151 1255 2216 Portus.

203 2270 278 2340 739.
301 2253 448 2338 κεῦθουσ’]
472 2254 587 2318 κεῦθειν
605 2252 705 2334 γέλων
719 2251 801 2315 dixit
824 2266 861 2316 ut
880 2254 1012 2316 Homer.
1039 2251 1102 2317 Od.
1125 2257 1164 2332 T,
1183 2271 1254 2320 212.

158 2358 237 2442 δόλῳ
252 2359 279 2420 δ’
294 2357 347 2438 όγε
362 2355 472 2437 δόκρνα
486 2359 582 2420 κεῦθε.
605 2355 837 2418 ABRESCH.
1264 2343 1266 2347 ’

200 2457 307 2522 Aldus
331 2471 363 2522 et
386 2457 558 2521 Turnebus
579 2456 809 2542 interpungunt
833 2468 905 2542 post
927 2460 1034 2533 καλῶς,
1055 2468 1087 2519 et
1109 2454 1257 2542 deinceps

159 2559 319 2636 exhibent,
335 2559 385 2623 hic
404 2561 512 2639 κείνης,
528 2558 579 2622 ille
595 2581 668 2623 vero
684 2561 773 2639 κείνη.
820 2555 1022 2623 Robortellus
1037 2557 1256 2639 διαπεπραγμέ-

160 2687 222 2729 νοις
247 2667 348 2726 καλῶν
371 2663 462 2748 κείνῃ.
486 2661 657 2726 BLOMF.
695 2662 829 2724 “Hunc
852 2660 954 2726 locum
984 2660 1041 2726 sibi
1069 2661 1257 2725 imitandum

159 2764 322 2852 proposuit
337 2764 451 2851 Eurip.
467 2762 498 2826 in
514 2766 617 2828 Orest.
634 2787 663 2829 v.
680 2782 772 2830 1121.
789 2764 843 2830 ubi
859 2763 1012 2853 Pylades:

288 2885 377 2966 γόους
389 2882 464 2964 πρδς
477 2882 567 2947 αῦτδν
581 2881 743 2962 θήσομεσθ
758 2883 778 2947 δ
792 2883 961 2968 πάσχομεν.

159 3010 200 3075 nd
215 3011 283 3076 haec
298 3012 441 3075 Orestes:

289 3127 357 3192 ὥστ’
375 3130 554 3210 ένδακρῦσαέ
565 3127 593 3210 γ’
610 3128 733 3195 ἔνδοθεν
747 3126 924 3212 κεχαρμένη.

161 3271 192 3320 et
207 3278 237 3318 v.
255 3273 349 3341 1319.
364 3254 509 3318 Electra:

290 3374 371 3456 κδγιὶι
386 3374 576 3455 σκυθρωποὺς
590 3372 729 3453 όμμότων
743 3373 798 3451 έξω
814 3374 910 3453 κόρος,

290 3477 329 3544 ὥς
343 3479 432 3556 δῆθεν
446 3477 498 3540 οῦκ
513 3478 607 3540 εἰδυῖα
620 3472 868 3556 τάξειργασμένα.

162 3616 242 3668 utet
258 3601 406 3690 Sophocl.
421 3601 540 3666 Electr.
556 3624 586 3665 v.
604 3600 677 3664 808.

289 3735 334 3818 ἂρ’
350 3737 419 3817 ῦμδυ
434 3738 473 3804 ὡς
487 3737 625 3817 δλγοῦσα
639 3731 831 3812 κώδυνωμένη

290 3844 390 3905 δεινῶς
405 3842 548 3920 δακρῦσαι
562 3838 762 3901 κάπικωκῦσαι
776 3839 859 3898 δοκεῖ

290 3941 343 4004 τδυ
357 3940 422 4005 υλδυ
435 3941 454 4021 ἡ
468 3941 610 4019 δύστηνος
624 3935 672 4001 ὧδ’
688 3938 846 4016 ὀλωλότας

290 4041 358 4107 ἀλλ’
376 4044 535 4123 έγγελῦσα
548 4037 702 4123 operibns?
737 4037 970 4103 ABRESCH.

207 4214 279 4280 740.
295 4195 373 4280 έχει]
391 4194 474 4279 ἔχειν
490 4195 541 4258 Μ.
557 4191 665 4256 Guelf.
682 4191 758 4257 Ald.

206 4317 277 4381 741.
297 4297 365 4383 ὑφ’]
389 4295 451 4379 ὕφ’,
466 4317 538 4360 cnm
553 4311 695 4376 accentu,
711 4293 851 4360 scribunt
866 4293 1021 4360 Abresch.
1037 4294 1165 4360 Schutz.
1202 4295 1259 4360 Ni-

162 4402 220 4465 mis
234 4401 364 4466 curiose.
389 4401 473 4463 Nam
487 4397 677 4462 constructio
692 4410 874 4484 potestesse
889 4395 940 4479 ὑφ’
955 4397 990 4476 ἧς
1004 4396 1110 4479 φήμης,
1126 4411 1163 4462 ut
1177 4421 1258 4485 prae-

160 4502 275 4598 positio
288 4502 404 4568 arctius
417 4523 489 4566 cum
505 4497 688 4588 pronomine
701 4497 867 4563 cohaerent.
892 4500 1066 4582 BLOMF.
