2984 5054
523 354 589 416 AD
613 354 881 419 SUPPLICES.
1189 354 1251 423 591

151 520 241 592 lavit,
257 543 317 607 quo
339 523 509 587 vorabatur
530 533 668 610 tempore
682 527 815 589 Dormis
837 526 920 612 quod
940 525 1076 589 sollenne
1092 527 1206 611 poetis,
1224 534 1254 589 et

148 622 310 707 proripere
328 626 473 710 tragicis.
518 627 575 690 Sic
589 627 766 713 Euripides
781 629 917 691 Dooaoo
939 629 981 693 εἰς
997 624 1112 708 Ἀργος
1133 629 1254 690 venisse

151 722 237 799 dicit,
253 725 472 790 recondidisse
488 728 533 791 iot
556 729 664 792 orbem
678 730 804 807 Inachi,
821 729 856 793 id
869 738 916 793 ert
931 726 1055 811 Ἄργος,
1069 749 1144 791 nam
1164 730 1254 814 regio

151 826 193 887 at
207 827 284 889 urbe
297 848 408 890 nomen
421 832 536 894 sortita
550 840 606 894 cot.

239 929 336 992 ἐλθὼν
353 930 516 1013 (Danum)
535 934 566 999 ές
576 931 690 1014 Ἀργος
704 930 787 1017 ᾤκισ’
800 930 922 1015 Ἰνάχου
936 934 1034 996 πόλιν.

154 1028 207 1090 Ita
228 1031 394 1117 Virgilius,

452 1151 493 1163 —
505 1133 677 1205 portusque
692 1118 817 1205 require
832 1119 969 1195 velinos,

152 1252 192 1292 er
210 1251 347 1316 perrona
368 1255 439 1311 ιιια,
462 1257 532 1298 oum
554 1236 694 1299 nondum
716 1237 814 1299 Velini
836 1237 1057 1300 αιτιοι-Αἱ
1079 1236 1249 1299 seeundum

152 1331 272 1417 aliquos
287 1334 438 1422 Pelasgus
452 1352 519 1401 erat
533 1336 625 1401 Jovis
639 1338 723 1402 filius
738 1360 777 1401 ex
793 1337 905 1401 Niobe.
930 1336 1075 1401 Rhianus
1089 1360 1140 1424 ap.
1156 1339 1250 1402 schol.

153 1433 262 1520 Apoll.
278 1435 342 1499 Rh.
358 1456 389 1520 3.
409 1439 500 1520 1089.
516 1438 556 1502 de
572 1438 734 1504 Thessalia
751 1439 901 1526 loquens:

239 1541 382 1618 Αἱμονίην
396 1537 421 1603 δ’
437 1539 555 1618 ἐξαῦθις
569 1541 622 1624 ἆφ’
638 1543 770 1621 Αἴμονος
783 1543 819 1606 όν
832 1545 871 1623 ῥα
885 1541 1049 1623 Πελασγὸς

237 1642 358 1721 γείνατο
373 1641 523 1723 φέρτατον
536 1644 611 1717 olor,
628 1647 645 1706 ὁ
660 1641 685 1707 δ’
701 1641 819 1723 αῦΙτέκε
835 1643 1002 1708 Θέσσαλον
1017 1645 1128 1722 Αἵμων,

238 1746 291 1804 τοῦ
304 1741 329 1805 δ’
345 1744 404 1807 ἀπὸ
419 1746 601 1808 Θεσσαλίαν
615 1745 685 1808 λαοὶ
699 1747 950 1827 μεταφημίξαντο.

153 1858 369 1944 Apollodorus
376 1882 409 1946 3,
417 1864 448 1926 8.
459 1860 678 1944 Ἐπανόγομεν
689 1865 720 1927 δὲ
734 1867 787 1926 νῦν
801 1861 893 1926 πόλιν
905 1862 953 1926 ἐπὶ
963 1861 1016 1925 τὸν
1027 1865 1202 1944 Πελασγόν·
1216 1862 1252 1926 ὃν

152 1959 350 2030 Ἀκουσίλαος
363 1967 419 2044 μὲν
431 1965 505 2032 Διὸς
519 1964 605 2046 λέγει
620 1965 668 2028 καὶ
684 1965 810 2045 Νιόβης,
824 1963 956 2045 καθάπερ
969 1964 1126 2043 ὑπέθεμεν,
1141 1963 1221 2028 Ἡσί
1239 2007 1249 2018 -

154 2067 204 2128 δος
218 2066 250 2127 δὲ
266 2065 442 2149 αὐτόχθονα.
482 2067 545 2145 Qui
561 2070 729 2151 αὐτόχθονα
743 2067 838 2131 fuisse
853 2066 961 2144 velint,
972 2066 1004 2130 h.
1019 2089 1045 2129 e.
1061 2066 1170 2130 eodem
1187 2067 1252 2131 solo

153 2181 261 2227 natum
278 2167 364 2250 quod
386 2168 525 2242 incoluit,
540 2169 632 2233 iidem
649 2169 797 2233 videntur
818 2192 883 2233 esse
898 2169 954 2254 qui
973 2183 1005 2232 et
1021 2168 1252 2233 Poloechthonie

154 2267 177 2330 f.
195 2268 376 2354 praedioant.
402 2270 571 2334 STANL.

199 2389 216 2432 2
218 2390 271 2452 51.
294 2371 472 2456 Πελασγοῦ]
491 2374 590 2436 Recte
606 2375 761 2437 Conterus
775 2374 948 2454 Πελασγός.
973 2373 1075 2457 Cujus
1090 2374 1207 2435 mentio
1220 2387 1252 2436 et

156 2494 186 2534 ν’
204 2473 295 2535 1016·
454 2563 653 2639 -οἵκησις
667 2563 699 2624 δὲ
715 2560 763 2624 καὶ
777 2563 866 2637 ῦιπλῆ
880 2556 969 2637 πάθω

240 2656 293 2734 Τὴν
307 2659 364 2737 μὲν
379 2659 550 2741 Πελασγὸς,
567 2660 620 2739 τὴν
635 2663 667 2723 δὲ
683 2661 730 2724 καὶ
743 2660 832 2724 πόλις
846 2661 929 2721 διδοῖ.

156 2775 307 2860 Pelasgus
320 2770 436 2839 dicitur
450 2776 542 2840 etiam
559 2776 675 2841 Ovidio
689 2798 743 2840 rex
764 2775 816 2839 ille
831 2775 885 2861 qui
902 2788 977 2837 tunc
993 2773 1140 2860 temporis
1154 2775 1253 2863 Argis

155 2876 307 2961 regnavit,
322 2877 427 2965 Epist.
444 2878 576 2942 Heroid.
596 2899 646 2960 14,
664 2898 713 2963 23.

242 2979 401 3043 Ducimur
416 2980 582 3044 Inachides
599 2981 703 3067 magni
719 2979 874 3044 subtecto
890 2978 1023 3064 Pelasgi.

156 3082 203 3142 At
227 3079 423 3165 Apollodoro
447 3082 605 3144 Helonor.
631 3100 661 3160 2,
687 3101 713 3145 1.
740 3081 900 3144 Ἐντεῦθεν
925 3083 957 3143 δὲ
980 3079 1052 3159 ἧκεν
1078 3082 1120 3146 εἰς
1140 3078 1254 3162 Ἀργος

157 3182 317 3263 (Danaus)
341 3182 388 3244 καὶ
409 3181 463 3259 τὴν
485 3183 650 3259 βασιλείαν
674 3183 752 3266 αὐτῷ
774 3182 957 3261 παραδίδωσι
980 3178 1120 3260 Ἕλόνωρ
1145 3181 1162 3242 ό
1186 3181 1254 3244 τότε

155 3283 338 3359 βασιλείων.
377 3282 517 3346 Eusebio
532 3282 671 3347 Gelonor
687 3282 805 3349 Cliton.
822 3283 900 3344 Can.
916 3283 1002 3344 Φασί
1016 3305 1094 3346 τινες
1116 3283 1162 3343 ότι
1178 3282 1254 3360 μετὰ

155 3383 308 3447 Σθένελον
328 3381 459 3466 Ἀργονς
485 3387 669 3465 ἐβασίλευσε
693 3385 842 3465 Γελόνιορ,
868 3383 904 3446 tv
927 3381 1062 3464 Ἀργεῖοι
1086 3382 1138 3460 τῆς
1161 3384 1254 3465 ἀρχῆς

154 3487 332 3562 παύσαντες,
352 3486 474 3550 Δαναὸν
489 3489 704 3566 ἐβασίλευσαν,
721 3486 754 3553 ῦς
769 3485 904 3549 ἐκπεσὸν
918 3485 1070 3565 Αίγθπτου
1085 3485 1133 3548 καὶ
1148 3483 1253 3565 κροαί-

157 3612 213 3652 σας
233 3591 286 3649 τοῦ
300 3584 431 3667 Ἀργους
453 3588 575 3669 ἔνυδρον
595 3587 665 3651 αὐτὸ
681 3589 804 3665 ἐποίησε
818 3589 866 3649 διὰ
880 3591 939 3648 τῶν
949 3584 1122 3666 λεγομένων
1138 3583 1253 3649 Δαναί·

157 3691 225 3750 δον.
248 3686 315 3749 Alii
330 3686 370 3751 de
385 3687 453 3773 ipso
470 3688 618 3752 Sthenelo
631 3689 691 3753 hoc
706 3689 858 3762 referunt,
874 3685 929 3773 qui
946 3685 1094 3749 Gelanori
1110 3685 1142 3748 in
1158 3707 1255 3772 regno

157 3788 323 3873 praecessit.
347 3789 465 3852 Euseb.
485 3789 569 3853 lbid.
586 3789 741 3870 Κάστορος
754 3790 822 3870 περὶ
835 3788 980 3869 Ἀργείων
994 3787 1160 3866 βασιλέων.
1192 3794 1255 3851 Δο·

158 3889 228 3956 ναὸς
250 3889 397 3971 κρατήσας
417 3889 609 3973 τοῦἈργους
632 3891 679 3954 καὶ
702 3891 841 3971 ἐκβαλὸν
859 3888 1011 3953 Σθένελον
1025 3888 1078 3951 τὸν
1094 3888 1255 3968 Κροτόπου

156 3988 302 4072 Ἀργείων
316 3994 528 4069 ἐβασίλευσεν,
546 3992 593 4055 καὶ
608 3995 641 4055 οἱ1
651 3993 795 4072 ἀπόγονοι
810 3991 899 4054 αῦτοῦ
912 3988 975 4069 μετ’
988 3990 1088 4067 αὐτόν,
1107 3988 1255 4052 Δαναΐδαι

158 4095 345 4171 καλούμενοι,
363 4092 407 4157 ἐπ’
424 4094 581 4174 Εῦρόσθεα
602 4096 656 4158 τὸν
670 4092 822 4157 Σθενέλου
844 4097 896 4155 τοῦ
911 4091 1061 4173 Περσέως.
1086 4089 1254 4155 STANL.

158 4194 258 4256 Reote
274 4195 437 4258 Canterus.

202 4310 274 4378 252.
299 4294 429 4376 εὐλόγως
451 4297 619 4380 ἐπόνυμον]
639 4295 800 4382 Significat
822 4294 1025 4380 Pelasgorum
1047 4304 1173 4376 gentem
1196 4289 1256 4352 hoo

158 4417 270 4458 nomen
285 4417 305 4457 α
320 4416 377 4458 suo
391 4395 488 4481 ipsius
510 4396 591 4480 rogis
612 4398 736 4460 nomine
758 4394 921 4459 derivasse.
968 4396 1019 4459 Eo
1032 4390 1156 4476 respicit
1172 4391 1256 4454 εῦλό-

158 4524 225 4580 γιος.
250 4495 350 4559 SCH.
