2984 5054
438 391 505 454 AD
528 389 928 454 AGAMEMNONEM.
1164 386 1230 456 393

176 576 251 641 999.
266 556 361 640 ψύθη]
376 560 457 639 φθδη
471 557 551 622 libri.
589 560 773 623 Correetum
788 556 829 620 ab
844 557 891 620 H.
905 554 1071 641 Stephano.

145 684 147 687 ·
179 675 270 720 1001.
296 656 380 737 μάλα
400 657 458 741 γάρ
479 685 525 723 τοι
547 665 599 727 τῖις
619 664 736 726 πολλᾶς
758 658 882 743 ὑγιείας]
912 657 1031 720 Versus
1051 669 1228 742 corruptus.

133 757 277 821 Triclinii
298 759 495 846 interpolatio
515 773 561 824 est
583 761 615 823 in
640 762 681 824 T.
708 758 791 840 μάλα
809 786 846 841 γε
871 758 1129 846 (superscriptum
1154 757 1226 843 γάρ)

132 885 178 923 τοι
193 860 228 938 δι]
243 865 294 927 τᾶς
307 887 340 925 π.
354 864 400 924 rh:
426 861 510 924 unde
521 861 722 925 Wellauerus
741 859 825 941 μάλα
838 861 876 942 γέ
889 886 935 924 τοι
948 860 982 925 τὸ
998 866 1049 927 τᾶς
1059 887 1091 924 π.
1106 864 1131 924 ὑ.
1148 883 1230 946 prae·

132 975 226 1024 eunte
243 961 419 1038 Schuetzio,
434 962 490 1048 qui
504 988 549 1026 τοι
564 964 596 1025 in
611 962 644 1025 τὸ
660 977 842 1027 mutaverat.
863 961 947 1043 μάλα
961 989 995 1027 τε
1008 966 1066 1045 γὰρ
1087 963 1120 1026 τὸ
1135 967 1231 1030 τᾶς-

134 1062 304 1148 Emperius
317 1063 347 1127 in
364 1063 608 1128 Zimmermunni
624 1064 733 1127 Diario
747 1087 775 1127 a.
792 1066 881 1148 1835.
897 1087 929 1151 p.
942 1068 1015 1150 630.

183 1182 273 1227 1002.
296 1164 459 1248 ἀκόρεστον
479 1165 586 1250 τέρμα]
611 1166 701 1229 Infra
718 1186 809 1250 1331.
833 1166 867 1230 τὸ
882 1168 985 1245 μένεύ
1000 1165 1149 1247 πράσσειν
1163 1165 1232 1231 ἀκό-

134 1292 243 1347 ρεστον
260 1267 317 1349 ἔφυ
332 1273 416 1331 Πᾶσι
429 1274 595 1349 βροτοῖσιν.
627 1270 742 1331 Sensus
756 1287 811 1345 est,
827 1270 862 1331 ι’τι
877 1289 911 1331 eo
921 1278 1039 1354 ριιτιοίο
1053 1291 1116 1332 non
1130 1271 1231 1333 οοτιςὶ-

135 1371 203 1446 stit,
218 1371 274 1433 sed
288 1371 421 1433 ulterius
435 1372 692 1456 beringerium
703 1371 797 1456 pejus
807 1379 960 1433 mutatur.
984 1370 1127 1434 Breviter
1137 1393 1235 1434 enun-

136 1471 251 1534 cintum
267 1486 313 1535 est
327 1473 369 1535 ab
384 1472 592 1559 Hippocrate,
609 1475 640 1536 al
655 1471 699 1535 ἐπ’
716 1473 806 1553 ἄκρον
827 1473 944 1550 εὐεξίαι,
961 1473 1120 1553 σφαλεροί.
1145 1472 1234 1554 (citat

138 1573 320 1655 Stnnleius.)
346 1573 474 1638 Plenius
491 1575 653 1660 Theognis
668 1597 719 1637 vv.
737 1589 916 1658 227-232.
940 1574 1114 1637 BLOMF.

184 1678 379 1741 1002.1006.
396 1695 485 1759 1007.
502 1678 642 1740 Lacuuoe
653 1677 740 1762 signu
753 1674 842 1738 metri
856 1674 970 1738 indicio
985 1689 1157 1761 posuerunt
1168 1674 1234 1739 edi-

138 1792 228 1855 tores,
252 1778 477 1843 consentientes
499 1780 580 1840 inter
602 1801 634 1840 se
656 1777 695 1840 de
721 1799 811 1840 versu
836 1795 928 1850 1002,
959 1777 1173 1842 dissentientes
1196 1778 1237 1842 de

139 1880 263 1944 dnobus
287 1880 425 1966 reliquis,
450 1879 503 1944 ubi
529 1878 720 1943 Kluusenius
745 1877 882 1941 indicato
906 1893 977 1964 post
1003 1882 1106 1960 ἐρείδει
1130 1903 1238 1944 versus

139 1982 251 2068 integri
273 1979 437 2045 defectu-'
450 2017 662 2058 υυυυυυυ
677 1979 819 2068 proxima
839 1979 934 2043 verba
955 1979 986 2044 in
1010 1979 1089 2045 duos
1111 1982 1239 2069 digessit

140 2106 256 2160 versuS,
273 2085 320 2147 καὶ
334 2086 443 2163 πότμος
459 2085 627 2165 εὐθυπορῶν
645 2083 650 2169 Ι
671 2083 777 2164 ἀνδρὸς
792 2083 916 2146 ἔπαισεν
930 2084 1066 2164 ἄφαντον
1081 2085 1163 2165 έρμα.

188 2201 282 2268 1007.
294 2186 379 2270 ἕρμα]
394 2187 547 2272 Scopelus
559 2188 773 2250 submarinus.
799 2185 1018 2270 Harpocrati0‚
1030 2184 1151 2267 Ἐρμδς,
1164 2189 1239 2269 θφα-

142 2295 196 2353 λος
209 2287 312 2367 πέτρα.
349 2285 500 2367 Ἀντιφῶν
519 2288 552 2351 έν
567 2292 602 2373 τῇ
615 2288 689 2368 πρὸς
705 2289 840 2351 Καλλίου
855 2287 979 2364 ἔνδειξιν
994 2289 1152 2371 ἀπολογία.
1176 2289 1241 2352 ἔστι

142 2390 272 2468 τούνομα
296 2391 344 2454 καὶ
366 2393 445 2470 παρὰ
466 2388 668 2469 Ἀνακρέοντι,
696 2389 743 2451 καὶ
766 2390 799 2450 ἕν
822 2388 972 2468 Γηρυτάδῃ
991 2387 1239 2470 Ἀριστοφάνους.

97 2525 99 2530 .
145 2489 209 2558 Qui
224 2489 292 2552 haec
307 2489 486 2576 compilavit
502 2491 647 2567 Photius,
662 2490 757 2553 habet
773 2491 874 2571 έρμαν,
890 2493 1008 2572 ὕφαλος
1024 2489 1126 2571 πέτρα.
1164 2492 1243 2554 Cor-

143 2591 308 2678 rigendum
333 2592 500 2678 utrobique
523 2593 607 2673 ἕρμα,
630 2593 648 2671 ἡ
668 2594 785 2672 ὕφαλος
806 2590 909 2672 πέτρα.
946 2592 1083 2654 Eumen.
1105 2595 1180 2676 560.
1206 2591 1241 2656 δι’

144 2698 251 2760 αἰῶνος
280 2697 313 2758 δὲ
341 2695 394 2758 τὸν
419 2696 490 2775 πρὶν
520 2691 784 2774 ὅλβονεἘρματι
812 2695 998 2774 προσβαλὼν
1024 2696 1126 2766 Δίκας,
1156 2692 1241 2758 ὤλετ’

144 2798 323 2869 ἄκλαυστος,
339 2797 450 2863 αἶστος.
478 2800 596 2860 Anacr.
612 2818 663 2881 ap.
681 2795 819 2882 Hesych.
834 2795 865 2856 in
881 2817 911 2857 v.
928 2792 1050 2874 ἀσήμων
1063 2797 1138 2876 ὑπὲρ
1153 2795 1241 2877 ἑρμά-

145 2923 204 2961 των
218 2903 374 2979 φορεῦμαι.
399 2898 472 2962 Vid.
488 2898 643 2962 Herodot.
661 2914 691 2981 7,
711 2900 781 2980 183.
804 2897 978 2961 BLOMF.

193 3000 284 3062 1008.
309 2999 476 3063 Schntzius
486 2999 611 3085 corrigit
629 2999 687 3062 Kal
708 2999 765 3080 πρὸ
787 3002 844 3078 μὲν
862 2998 916 3061 τὸν
934 2997 1091 3080 χρημάτων
1107 3000 1243 3078 Κτησίαν

146 3103 237 3182 ὄγκον
248 3104 362 3181 βαλών.
387 3101 545 3187 Equidem
558 3100 635 3165 nihil
652 3100 837 3164 mutandum
850 3122 968 3164 censeo.
991 3102 1078 3166 ὄκνος
1089 3115 1133 3163 est
1147 3101 1242 3163 nomi·

146 3201 269 3265 nativus
291 3201 448 3288 pendens;
489 3204 595 3277 erum
617 3213 719 3267 πιαίιις
741 3201 905 3288 (naufragii
930 3207 985 3280 sc.)
999 3211 1125 3288 portem
1148 3225 1244 3288 opum

147 3305 384 3367 domesticorum
396 3306 567 3390 projecerit
587 3326 626 3367 αα
640 3305 760 3368 modica
769 3303 888 3389 fienda
903 3314 960 3365 etc.
1000 3303 1051 3366 Sic
1066 3304 1242 3367 Casaubon.

148 3405 248 3468 “duri
270 3407 358 3468 ὄκνου
377 3407 565 3484 βαλόντος.”
603 3405 802 3469 Constructio
817 3418 864 3468 est
887 3405 934 3467 καί
955 3404 989 3466 τὸ
1009 3407 1065 3484 μὲν
1087 3404 1245 3487 χρήματων

149 3508 235 3572 ὄκνος
249 3508 414 3586 προβαλὼν
429 3505 478 3569 ἀπ’
496 3506 635 3587 εὐμέτρου
650 3509 828 3588 σφενδόνας.
853 3505 957 3569 Theb.
971 3507 1044 3586 767.
1056 3508 1246 3586 πρόπρυμνον

149 3609 284 3686 έκβολδν
303 3605 547 3688 φέρειεὰνδρῶν
570 3609 868 3688 άλφηστᾶνεόλβος
890 3608 968 3688 άμαν
990 3608 1160 3690 παχυνθείς.
1199 3607 1246 3671 Si-

149 3707 231 3771 milis
251 3707 316 3770 fere
338 3709 525 3772 constructio
547 3724 594 3772 est
606 3707 710 3771 Theb.
727 3709 800 3788 678.
820 3710 941 3789 ἀνδροῖν
963 3706 986 3770 δ’
1003 3711 1139 3788 ὁμαίμοιν
1154 3707 1246 3772 θάνα-

149 3834 199 3876 τος
227 3807 275 3871 ὧδ’
299 3809 482 3876 αὐτοκτόνος.
515 3810 578 3873 Οὐκ
602 3810 666 3872 ἔστι
692 3814 784 3890 γῆρας
803 3814 888 3873 τοῦδε
916 3813 969 3872 τοῦ
994 3809 1168 3888 μιάσματος.
1192 3810 1247 3874 ubi

149 3910 233 3973 vide.
269 3910 380 3996 Suppl.
396 3931 469 3992 942.
487 3912 534 3974 καὶ
548 3917 676 3991 γλῶσσα
697 3912 866 3988 τοξεύσασα
887 3910 927 3988 μι]
946 3913 983 3973 τὰ
1004 3912 1111 3992 καίρια,
1127 3910 1248 3975 Γένοιτο

149 4014 242 4090 μύθου
260 4016 351 4091 μῦθος
378 4012 604 4093 δνθελκτήριος.
645 4012 716 4075 Vid.
733 4033 828 4096 supra
842 4029 915 4089 422.
941 4012 1088 4075 Matthiae
1112 4015 1169 4076 Gr.
1188 4015 1248 4079 Gr.

152 4114 181 4194 δ.
203 4115 279 4197 562.
305 4113 562 4199 Philosophorum
584 4112 668 4176 dicta
691 4113 731 4175 dc
753 4112 866 4198 opibus
889 4112 921 4175 in
946 4135 1030 4176 mure
1052 4114 1250 4199 projiciendis

150 4213 282 4298 protulit
298 4214 556 4277 Hemsterhusius
578 4214 618 4278 ud
638 4213 770 4277 Lucian.
789 4235 816 4276 1.
842 4238 874 4300 p.
897 4232 964 4297 173.
1004 4217 1096 4280 Cous.
1116 4218 1248 4302 Menug.

151 4313 192 4376 ad
216 4314 324 4377 Luert.
342 4318 374 4391 6,
392 4315 444 4398 87.
468 4316 643 4379 BLOMF.
682 4315 819 4394 εὔμετρος
841 4317 992 4396 σφενδόνη
1015 4315 1129 4380 dicitur
1148 4339 1248 4402 quum

151 4415 225 4500 quis
239 4436 302 4477 non
316 4414 408 4500 plura
422 4415 506 4502 ejicit
517 4438 611 4501 quum
628 4416 667 4478 ud
683 4438 794 4479 navem
811 4414 972 4479 levandum
988 4417 1055 4502 ejici
1071 4432 1206 4502 oportet.

200 4535 293 4580 1011.
309 4516 361 4578 οὐκ
377 4516 426 4580 ἔδυ
440 4518 556 4596 πρόπας
570 4515 673 4600 δόμος]
691 4517 738 4579 Ut
755 4531 861 4603 putem
881 4514 1048 4602 legendum
1065 4519 1155 4599 γόμος
1177 4517 1251 4582 lucit

673 4637 731 4700 3D
