2984 5054
498 371 566 434 ΑΙ)
587 370 990 435 AGAMEMNONEM.
1229 372 1295 436 887

191 557 288 620 etiam
302 555 492 619 marcore.
518 554 711 619 Timendum
726 576 838 641 nempe
852 555 947 619 fuisse
961 555 1016 632 ait,
1027 577 1067 619 ne
1082 555 1107 618 si
1124 557 1293 641 Agamem·

192 678 256 719 nou
269 678 336 720 rem
351 657 432 720 male
452 655 606 742 gessisset,
621 669 677 721 aut
696 656 763 743 ipse
784 669 857 720 aute
872 657 1002 743 Trojam
1018 656 1190 732 occidisset,
1204 658 1295 742 plebs

192 758 388 845 Argivorum
404 757 555 823 seditione
568 759 651 823 fecta
665 759 757 824 etiam
772 759 872 824 filium
887 759 956 846 ejus
971 774 1124 824 necarent.
1149 760 1249 823 SCH.

238 893 313 958 888.
329 894 548 978 κατεσβήκασι]
567 856 771 973 καόεσὲήκασι
786 894 838 958 Fl.

236 995 312 1081 889.
326 995 464 1082 βλόβας]
485 995 601 1076 κλόβας
616 994 666 1059 Fl.

238 1097 311 1178 890.
330 1097 489 1183 κλαίουσα]
507 1096 713 1161 Scribendum
730 1097 877 1162 κλαίουσα.

236 1201 475 1282 λαμπτηρουχίαα
497 1198 674 1280 ἆτηρόλεποι
702 1214 776 1263 sunt
796 1202 896 1287 rigua
914 1221 975 1287 per
989 1200 1088 1285 ,βιαιο
1109 1199 1295 1278 euhibenda,

191 1303 249 1365 sed
268 1323 331 1388 per
360 1303 521 1366 lucretiam
548 1323 613 1366 non
642 1301 792 1378 exhibito,
820 1324 915 1390 quem
945 1326 1067 1366 sensum
1105 1301 1190 1366 solus
1216 1302 1296 1367 vidit

194 1402 364 1468 Heatbius.
389 1403 566 1468 BLOMF.
601 1405 674 1467 Non
687 1405 933 1490 peritissimum,
948 1404 1003 1468 sed
1017 1404 1093 1491 quia
1106 1402 1296 1470 accendendi

191 1527 302 1569 caussa
316 1505 456 1570 nondum
471 1505 589 1571 aderat.
613 1507 904 1570 WELLAUER.

237 1608 312 1692 892.
335 1607 539 1693 ἐξηγειρόμην]
562 1609 662 1672 Recte
685 1607 806 1672 notavit
833 1608 984 1674 Butlerus
1008 1609 1067 1673 boc
1092 1608 1194 1673 dicere
1218 1608 1295 1696 Cly-

193 1723 417 1786 taemnestram‚
443 1731 476 1772 se
504 1708 584 1773 adeo
607 1708 786 1795 vigilantem
809 1709 958 1787 dormire,
982 1722 1019 1773 ut
1038 1709 1088 1773 vel
1116 1708 1298 1774 tenuissimo

194 1811 327 1898 strepitu
341 1810 508 1876 excitetur.
533 1812 709 1876 BLOMF.

238 1915 312 1998 894
323 1915 432 1996 χρόνος
445 1914 462 1976 ό
477 1909 636 1990 ξυνεόόου,
653 1913 792 1999 Tempus
805 1913 888 1998 quod
901 1915 986 1977 inter
1000 1911 1216 1976 όονπςίοπόυυι
1234 1913 1297 1977 elo-

194 2015 303 2087 bitarr
326 2035 399 2077 nam
427 2011 521 2100 plura
546 2013 772 2078 somniantibus
796 2012 947 2101 adparere
970 2016 1078 2089 solent,
1103 2038 1198 2103 quam
1222 2037 1297 2102 quae

194 2115 304 2181 eodem
320 2129 460 2202 tempore
474 2113 676 2200 vigilantibus
689 2115 827 2180 accidere
842 2131 975 2202 possent.
1001 2118 1176 2183 BLOMF.

240 2217 314 2304 898.
330 2219 455 2303 στῦλον]
474 2219 587 2281 στόλον
602 2215 655 2281 Fl.

240 2321 312 2404 899.
336 2321 384 2384 καὶ
402 2324 460 2402 γῆν
482 2319 647 2403 φανεῖσαν]
673 2324 764 2402 γαῖαν
786 2326 938 2402 φανεῖσαν
962 2321 1010 2385 vel
1034 2326 1091 2404 γῆν
1112 2325 1297 2406 ἑκφανεῖσαν

196 2420 411 2487 Blomfieldus

237 2546 313 2611 901.
329 2524 417 2588 Citat
432 2522 544 2588 Suidas
558 2547 581 2588 s.
598 2546 628 2585 v.
643 2523 763 2590 πλέκος.
786 2524 961 2589 BLOMF.

238 2644 313 2711 902.
338 2624 423 2688 Mihi
441 2646 521 2711 [reue
535 2646 717 2710 persuasum
734 2637 781 2687 est
795 2623 957 2688 insititium
972 2648 1038 2689 esse
1060 2623 1145 2690 hunc
1161 2648 1296 2691 versum.

196 2729 293 2792 Certe
306 2725 559 2813 frigidiusculum
574 2743 673 2791 sonat.
696 2727 872 2790 BLOMF.

240 2847 315 2914 903.
331 2831 381 2892 ποί
393 2853 441 2892 νιν
456 2829 626 2892 Porsonus.
649 2831 750 2892 τοίνυν
764 2827 844 2891 libri.

240 2931 317 3012 906.
340 2927 436 2992 Prius
458 2927 688 2992 hemistichium
714 2927 827 2993 iterum
853 2928 989 2992 occurrit
1011 2952 1040 2993 v.
1065 2949 1159 3014 1039.
1182 2929 1297 3017 Eurip.
1402 2935 1407 2944 “

198 3033 317 3095 Electr.
334 3050 407 3114 999.
425 3027 551 3109 Ἐκβηπ’
566 3029 689 3109 ἀπήνης,
704 3029 851 3115 Τρῳάδες,
868 3031 959 3113 χερὸς
972 3028 997 3094 δ’
1013 3032 1084 3111 ἐμῆς
1098 3031 1245 3112 Λόβεσό,
1260 3031 1298 3096 ἵν’

197 3133 254 3212 ἔξω
268 3129 345 3196 τοῦδ’
361 3133 435 3214 ὄχου
450 3129 551 3209 στήσω
565 3132 652 3195 πόδα.
676 3131 852 3197 BLOMF.

241 3250 315 3319 907.
331 3234 410 3312 ὦναξ
425 3232 582 3297 Pauwius.
605 3233 681 3311 ἅναξ
695 3232 777 3296 libri.

241 3333 421 3420 πορθήτορα]
442 3333 622 3416 πορθήνορος
636 3332 859 3399 Valckenarius
880 3335 921 3400 ad
940 3335 1055 3423 Eurip.
1073 3337 1189 3401 Phoen.
1205 3338 1299 3421 1518.

198 3437 325 3502 frustra.

242 3539 316 3622 908.
332 3536 437 3623 τέλος]
452 3536 522 3602 τάδε
538 3538 581 3601 Τ.

243 3660 315 3726 909.
341 3639 539 3726 στρωννύναι]
568 3641 667 3703 Recte
691 3638 860 3704 Elmsleius
884 3639 924 3703 ad
951 3637 1067 3724 Eurip.
1094 3637 1184 3702 Med.
1208 3658 1300 3725 1209.

199 3745 359 3825 σπορυόναι
371 3743 525 3830 corrigere
539 3741 674 3808 videtur.
697 3744 862 3824 στορνόντα
875 3740 962 3829 apud
977 3739 1074 3827 Soph.
1092 3741 1209 3805 Trach.
1225 3761 1299 3825 902.

198 3845 230 3910 in
246 3847 437 3928 σπρυννόνπα
450 3843 585 3909 mutavit
600 3842 782 3909 Triclinius.

242 3966 317 4032 910.
338 3946 618 4032 πορφυρόστρωτος]
636 3948 792 4034 Purpura
812 3956 1003 4010 constratus.
1028 3959 1064 4009 ut
1085 3944 1300 4031 pavimentum

199 4048 315 4114 dicitur
328 4051 538 4131 λιθόστρωτος.
565 4049 722 4114 Stanlcius
735 4049 810 4112 citat
819 4047 928 4135 Virgil.
939 4049 1017 4111 AEn.
1031 4069 1059 4125 1,
1077 4063 1149 4130 700.
1164 4056 1301 4112 atratum

198 4161 327 4216 onlnem.
351 4150 404 4215 sed
425 4150 485 4214 hoc
499 4149 540 4214 de
554 4150 630 4215 toris
643 4149 768 4215 dicitur.
808 4151 860 4214 De
875 4149 925 4212 via
939 4147 1085 4235 stragulis
1099 4149 1301 4236 vestibusque

199 4251 364 4318 sternenda
377 4251 439 4316 vid.
455 4251 590 4338 interpp.
606 4250 646 4314 ad
663 4250 738 4315 Die.
754 4252 857 4315 Marc.
876 4270 927 4327 11,
944 4250 973 4313 8.
1012 4251 1093 4313 Mox
1108 4250 1141 4313 in
1157 4274 1209 4315 vv.
1226 4270 1300 4338 912.

199 4375 273 4441 913.
294 4355 426 4420 obscure
446 4352 551 4419 innuit
572 4351 734 4418 consilium
759 4375 851 4418 suum
875 4352 915 4416 de
939 4350 1050 4416 marito
1076 4351 1298 4415 interficiendo.

201 4457 375 4522 BLOMF.

721 4575 740 4640 3
759 4578 776 4620 c
794 4575 813 4623 α
