2984 5054
272 337 337 403 ara
635 342 1009 406 announnonas
1132 315 1133 319 '

272 531 347 595 493.
363 531 437 593 494.
453 534 492 574 ex
509 534 572 575 uno
586 512 734 575 confictos
748 535 813 576 esse
830 511 973 598 AEsohyli
990 525 1080 575 versu
1099 511 1169 590 hoc,
1185 514 1387 595 ξύμπεμψον,

274 615 313 680 ὧς
342 613 379 676 ἁν
409 618 485 677 θεῶν
513 616 727 696 πολισσούχων
758 615 843 696 ἔδρας
857 651 919 676 -.
978 611 1184 699 Interpolatio
1212 613 1314 678 ducta
1343 637 1387 678 ex

274 740 305 779 v.
317 733 396 902 ἒξ]
410 817 576 902 ἀσφάλεια]
592 818 763 899 ἀσφαλείας
777 816 827 885 Μ.
844 815 922 879 Ald.
945 818 1102 898 ἁσφαλεία
1116 818 1203 881 Rob.

320 918 344 982 δ’
360 917 392 1006 ᾖ]
410 921 443 982 δὲ
460 921 510 982 Μ.
527 918 607 982 Ald.
901 976 917 1012 0

321 1019 449 1105 ἄστεως]
468 1020 669 1086 scribebatur
683 1020 798 1086 ἄστεος.
823 1021 937 1085 ἄστεως
952 1021 1002 1083 Μ.

318 1123 393 1206 498.
410 1123 532 1208 θράσος]
548 1122 660 1204 θάρσος
675 1121 785 1207 steph.

318 1241 393 1309 501.
418 1227 555 1290 ἁστικοὺς
578 1225 681 1287 Turn.
698 1222 806 1310 steph.
830 1224 983 1291 άοτίκτους
1005 1224 1127 1288 codioes
1147 1238 1179 1288 et
1194 1222 1273 1287 ΑΜ.
1297 1227 1385 1290 ἀθίκ-

278 1353 344 1395 τους
358 1329 443 1392 Rob.
577 1310 580 1320 Δ

319 1428 533 1514 πολυστομεῖν]
548 1434 764 1507 παλινστομεῖν
780 1428 946 1492 Dobraeus.

319 1549 395 1618 505.
409 1533 480 1615 ποῦ]
498 1534 529 1596 τί
542 1533 615 1595 Par.

320 1642 419 1715 νεμεῖς
435 1636 604 1698 Porsonus.
628 1633 727 1712 νέμεις
742 1633 791 1695 Μ.
808 1632 891 1696 Rob.
908 1633 1011 1695 Turn.
1036 1633 1135 1713 νέμοις
1149 1632 1226 1697 Ald.
1244 1633 1357 1720 Steph.

319 1737 394 1822 508.
411 1736 510 1798 Hunc
525 1757 648 1798 versum
664 1735 760 1798 choro
775 1733 918 1798 tribuunt
935 1734 1011 1798 Ald.
1029 1737 1133 1800 Turn.

321 1841 514 1927 ἐπιστρέφου]
530 1842 699 1924 ίπιστρέφω
715 1844 765 1906 Μ.
783 1841 891 1906 Guelf.
909 1841 984 1906 Ald.
999 1842 1104 1905 Turn.

319 1960 395 2029 510.
410 1943 569 2027 ἁρπαγαῖς]
586 1944 717 2024 ἁρπαγες
732 1945 781 2007 Μ.
799 1942 906 2008 Guelf.
923 1942 999 2006 Ald.
1016 1942 1100 2006 Rob.

321 2045 350 2107 π’
365 2043 486 2107 addidit
504 2044 669 2108 Porsonus.

320 2150 401 2211 οὗτοι
415 2153 570 2227 πτερωτῶν
586 2150 732 2227 ἁρπαγαῖς
747 2144 933 2230 ἐκδώσομεν]
950 2147 1039 2210 Sane
1051 2166 1109 2209 nos
1124 2155 1153 2208 te
1167 2145 1255 2207 ίιαυεί
1267 2145 1381 2207 avium

277 2248 436 2335 rapacium
459 2251 586 2334 rapinis
608 2249 769 2311 trademus
791 2270 814 2310 s.
837 2267 1048 2332 comentem
1081 2243 1268 2331 proverbiali
1289 2241 1379 2306 locu-

277 2349 373 2427 tione,
389 2348 430 2412 ab
451 2348 645 2435 expositione
662 2347 816 2410 infantum
833 2347 940 2423 ducta,
954 2369 1028 2432 qnae
1049 2346 1080 2409 in
1104 2345 1200 2432 sylvis
1222 2359 1279 2408 aut
1300 2343 1383 2408 lucis

277 2451 383 2514 aviurn
397 2466 453 2514 aut
468 2450 604 2514 ferarum
620 2450 777 2514 laniationi
795 2451 1066 2536 permittebantur.
1114 2449 1165 2513 Sic
1181 2447 1267 2535 apud
1282 2448 1382 2511 Euri-

277 2554 383 2641 pidem
400 2558 519 2620 Creusa
534 2555 573 2618 de
589 2555 652 2618 filio
669 2557 747 2619 Ione
762 2579 791 2619 v.
807 2575 882 2639 902.
900 2577 968 2641 sqq.

709 2660 757 2722 καὶ
773 2665 825 2722 νῦν
841 2661 919 2740 ἔρρει

535 2766 657 2826 πτανοῖς
671 2763 833 2842 ἁρπασθεὶς
847 2762 933 2825 θοίνα

537 2867 606 2926 παῖς
619 2887 669 2940 μοι
684 2864 732 2925 καὶ
747 2863 796 2924 σοὶ
810 2862 940 2942 τλάμων.

278 2978 310 3026 et
326 2986 355 3027 v.
374 2980 446 3047 915.
462 2965 578 3028 οἰωνοῖς
592 2963 670 3044 ἔρρει
685 2965 837 3030 συλαθείς.
862 2965 962 3027 SCH.

320 3081 394 3149 511.
415 3062 483 3128 ἁλλ’
500 3065 538 3149 εἰ]
559 3066 631 3127 Νοπ
654 3065 847 3130 admittenda
869 3081 935 3129 erat
957 3090 975 3129 a
996 3067 1137 3130 Porsono
1159 3065 1286 3129 Stanleii
1308 3088 1379 3129 cor-

278 3167 374 3231 rectio
396 3167 465 3230 ἁλλ’
487 3168 515 3246 ἦ.
561 3169 600 3230 In
617 3166 769 3253 ejusmodi
786 3169 866 3231 eninr
883 3168 1135 3256 responsionibus
1156 3166 1224 3232 ἁλλ’
1246 3171 1273 3231 εἰ
1294 3167 1380 3230 idern

278 3286 324 3333 est
344 3270 429 3355 quod
449 3269 635 3333 Latinorum
654 3270 732 3355 quid
751 3280 856 3333 autem
877 3273 964 3334 σῖ-
978 3274 1046 3332 -θ
1092 3273 1164 3334 Ηοα
1184 3270 1281 3356 igitur
1301 3268 1381 3332 dicit

278 3372 400 3435 chorus.
448 3372 533 3445 Quid
554 3380 657 3433 autem
676 3373 705 3434 αι’
725 3393 783 3435 nos
804 3374 847 3435 ῖῖς
865 3375 986 3452 trador,
1000 3376 1055 3460 qut
1069 3374 1258 3437 draconibus
1271 3374 1381 3435 ῖαῖπιὶ-

278 3477 378 3538 ciores
391 3476 491 3537 secat?
516 3474 616 3536 SCH.

321 3593 395 3659 512.
414 3576 560 3658 εὔφημον]
576 3575 677 3638 Bonis
691 3583 801 3638 utatur
814 3577 916 3640 verbis
930 3577 1019 3641 banis
1034 3578 1135 3641 verbio
1146 3598 1166 3638 α
1182 3597 1230 3639 me
1240 3584 1381 3661 arrepta.

282 3679 425 3742 BOTH.
450 3677 651 3762 ἐνθυμουμένῃ
668 3675 863 3741 Schuetzius

322 3799 396 3865 513.
412 3779 533 3863 φρενός]
549 3778 662 3860 φρένας
678 3779 812 3843 Bothius
826 3779 857 3842 in
873 3780 1007 3844 editione
1023 3779 1131 3865 prima.

323 3899 398 3964 514.
419 3882 656 3965 ἀεὶ-ἐξαίσιον]
676 3883 745 3945 Ιυια
760 3905 832 3947 vero
845 3905 966 3970 semper
979 3885 1097 3946 ιιιίιιῖυς
1112 3892 1141 3947 et
1155 3880 1383 3945 immoderatos

279 4005 394 4069 regom
409 3992 510 4046 anetus
525 3982 705 4045 inferiorum
721 3985 840 4049 animos
855 4000 995 4071 occupat.
1020 3987 1119 4049 SCH.

322 4102 396 4171 515.
420 4085 524 4170 φρενί]
547 4084 734 4170 Legendum
757 4093 880 4168 φρευοῢ,
896 4088 916 4151 i.
935 4112 960 4151 e.
978 4090 1138 4153 veritatem
1160 4083 1384 4150 admonitionis

280 4204 352 4266 tuae,
369 4211 434 4275 qua
448 4211 497 4250 rne
513 4202 596 4250 vetas
610 4209 698 4271 reges
714 4188 833 4266 timere,
850 4190 939 4254 factis
953 4194 1130 4280 comproba.
1155 4191 1299 4255 BOTH.

321 4308 395 4375 517.
412 4287 587 4373 συγκαλῶν]
607 4287 715 4352 Scribe
729 4288 895 4372 ξυγκαλῶν.

321 4393 504 4478 518—520.
518 4389 703 4454 exciderunt
718 4415 757 4455 ox
775 4393 824 4455 M.
840 4409 871 4458 et
887 4395 967 4459 Rob.

320 4497 394 4581 518.
410 4495 519 4576 πείσω]
536 4492 627 4557 πιίτω
643 4493 692 4556 Μ.
709 4495 781 4560 Ρατ.
799 4495 875 4560 Ald.
