2984 5054
457 359 527 423 AD
548 358 950 425 AGAMEMNONEM.
1191 363 1256 429 825

156 542 422 608 annumerabatur
432 541 594 627 Ἄγγελος,
605 544 657 609 cui
672 544 893 611 tribuebantur
903 546 974 624 ista,
984 568 1058 634 quae
1069 568 1099 612 v.
1114 547 1176 614 268
1187 571 1268 638 sqq..

156 643 325 725 dicuntur3
347 667 420 732 quoe
441 644 538 710 cbom
555 645 724 712 tribuenda
741 670 807 713 esse
822 660 906 714 recte
922 648 1079 714 Stanleius
1092 648 1257 731 intellexit,

157 747 368 834 nuntiumque
394 746 483 812 illum
508 771 527 813 e
552 770 684 817 numero
708 772 913 838 personarum
939 750 1257 818 circumscribendum

157 848 455 1040 esseSobiiiitlongam
485 952 572 1019 urbis
598 952 734 1040 plateam
763 955 1018 1042 repraesentabat,
1047 955 1162 1044 passim
1195 957 1258 1023 aris

156 1053 288 1120 deorum
309 1069 462 1133 ornatam,
482 1054 522 1120 cf.
537 1077 567 1120 v.
582 1074 622 1142 91
639 1079 706 1143 sqq.
726 1057 818 1144 cujus
836 1056 869 1121 in
890 1057 1045 1123 anteriore
1065 1072 1156 1146 parte
1176 1057 1256 1125 vise·

155 1156 251 1222 batur
264 1157 512 1244 Agamemnonis
525 1156 619 1244 regin.
635 1158 676 1224 cf.
692 1182 723 1223 v.
736 1179 767 1244 3.
782 1177 858 1245 529.
882 1160 984 1226 SCH.

203 1261 315 1325 Aetam
337 1259 418 1324 banc
437 1257 576 1323 fabulam
600 1282 666 1324 esse
687 1259 828 1326 Philocle
848 1260 997 1326 archonte
1017 1260 1135 1350 olymp.
1155 1263 1209 1340 80,
1226 1281 1257 1328 2.

155 1361 389 1450 choregumque
403 1361 499 1427 fuisse
514 1360 688 1426 Xenoclem
701 1361 940 1449 Aphidnensem
956 1364 1133 1451 argumenti
1150 1364 1257 1430 Graeci

156 1465 288 1551 scriptor
311 1464 461 1552 prodidit.
506 1462 688 1551 'l'etralogia
709 1487 749 1528 ex
772 1480 924 1552 quattuor
949 1465 1011 1530 fuit
1032 1465 1148 1531 fabulis
1173 1489 1257 1531 com-

155 1567 268 1653 posita,
282 1570 532 1656 Agamemnone,
552 1565 760 1654 Choephoris,
779 1582 811 1632 et
833 1567 1066 1635 Eumenidibus
1086 1582 1118 1633 et
1139 1569 1257 1634 Proteo

156 1683 298 1757 satynco.

201 1979 232 2029 a.
258 1963 352 2042 μῆχος
377 1957 599 2023 Valckenarius
624 1959 666 2024 ad
692 1959 848 2025 Herodot.
869 1980 903 2042 4,
925 1977 995 2046 150.
1040 1959 1131 2025 Libri
1152 1963 1254 2042 μῆκος,

155 2062 241 2150 quod
256 2060 422 2126 scholiasta
435 2059 570 2148 explicat
584 2067 643 2126 τῶν
658 2065 733 2127 sord
746 2062 781 2127 τὸ
795 2066 887 2143 μῆκος
900 2067 952 2144 τῆς
966 2064 1062 2131 ἐτείας
1077 2069 1217 2146 φρουρᾶς.

195 2165 234 2244 ἣν
249 2165 291 2228 Τ.
308 2163 418 2251 Stepb.
432 2163 471 2244 ἦν
486 2166 588 2229 Turn.
603 2162 627 2228 θ’
642 2165 681 2244 ἣν
695 2167 747 2231 Μ.
763 2164 871 2231 Guelf.
887 2164 911 2230 δ’
927 2164 965 2247 ἢν
979 2166 1056 2231 Ald.
1075 2168 1100 2230 θ’
1114 2166 1153 2247 ἦν
1168 2167 1253 2233 Rnb.

157 2266 337 2343 Scholiasta,
359 2265 516 2349 γράφεται,
538 2270 629 2347 μῆκος
652 2265 676 2330 δ’
699 2267 737 2348 ἦν
759 2269 950 2350 κοιμώμενος.
996 2269 1047 2334 Sic
1073 2269 1141 2334 haec
1167 2268 1253 2334 scho-

154 2367 251 2433 liastoe
265 2369 361 2433 verba
374 2368 491 2454 scripta
504 2383 578 2433 sunt
592 2368 623 2432 in
639 2368 690 2434 ed.
708 2369 837 2456 steph:
861 2369 950 2435 aliter
964 2370 996 2435 in
1012 2370 1096 2435 Rob.
1119 2375 1211 2452 μῆκος
1228 2369 1253 2435 δ’

154 2471 209 2551 riv:
232 2471 272 2552 ἦν
286 2472 336 2535 ἐπὶ
348 2475 440 2551 μῆκος
454 2472 643 2550 κοιμώμενος.
665 2476 765 2553 μῆχορ
778 2471 943 2557 aliquoties
963 2471 1044 2537 dixit
1060 2473 1252 2560 AEscbylus:

154 2574 249 2658 μῆχος
261 2588 334 2661 post
346 2575 523 2638 Homerum
538 2571 677 2658 aliosque
692 2573 863 2659 Euripides
877 2574 1033 2638 Androm.
1048 2577 1123 2660 536.

196 2697 230 2762 3.
253 2675 398 2761 ἄγκαθεν]
419 2677 576 2762 Desuper.
621 2676 827 2739 Contractum
850 2699 891 2741 ex
917 2675 1072 2751 ἀνέκαθεν,
1099 2676 1186 2764 quod
1212 2677 1254 2743 ab

153 2779 268 2846 ἃνεκας.
293 2777 403 2842 Lexic.
431 2776 572 2863 Seguier.
597 2799 647 2862 ap.
673 2776 810 2843 Beller.
832 2802 864 2866 p.
887 2798 962 2864 337.
987 2777 1152 2862 Ἀγκοθεν.
1179 2782 1255 2844 κατὰ

154 2881 308 2960 ἀποκοπὴν
322 2881 388 2945 ἀντὶ
401 2885 454 2944 τοῦ
468 2879 623 2945 ἀνέκαθεν.
646 2882 737 2946 οὕτως
749 2881 912 2963 Αἰσχύλος.
927 2882 1070 2968 Hesych.
1080 2881 1253 2966 Ἀγρίαθεν.

154 2983 309 3049 ἀνέκαθεν.
344 2984 509 3066 Αἰσχύλος.
540 2981 595 3046 ubi
625 2995 709 3046 recte
738 2981 826 3047 Flor.
855 2982 1065 3062 Christianus,
1089 2983 1252 3068 Ἀγκαθεν.

154 3085 266 3149 Minus
287 3085 367 3150 bene
388 3084 524 3171 explicat
545 3084 709 3150 scholiasta
730 3086 855 3159 ἄνωθεν,
880 3086 912 3163 ἐξ
934 3087 1035 3168 ἀρχῆς.
1062 3088 1140 3172 (quo
1161 3109 1253 3151 sensu

151 3187 308 3254 interdum
330 3188 468 3276 ponitur.
512 3187 584 3253 vid.
609 3187 781 3276 Phrynich.
804 3210 837 3274 p.
854 3188 923 3252 116.
949 3187 1068 3251 Thom.
1085 3188 1135 3252 M.
1154 3211 1184 3274 p.
1202 3204 1254 3274 79.

154 3291 289 3356 Wessal.
309 3292 350 3356 ad
374 3291 532 3357 Herodot.
552 3313 586 3377 p.
605 3291 672 3371 80.)
695 3293 831 3354 Eumen.
847 3305 920 3374 375.
945 3289 1077 3371 ἄγκαθεν
1097 3294 1255 3371 βαρυπεσῆ

154 3391 311 3474 καταφέρω
332 3392 424 3460 ποδὸς
444 3392 551 3473 ἀκμάν.
584 3391 728 3478 Choeph.
750 3410 826 3472 424.
847 3388 1144 3473 Ἐποσοντεροτριβῆ
1165 3390 1256 3474 χερὸς

152 3493 304 3576 ὀρέγματα
318 3493 465 3574 Ἀνωθεν,
481 3494 639 3559 ἀνέκαθεν.
685 3492 747 3557 Sed
770 3492 802 3556 in
822 3493 960 3555 Eumen.
979 3492 1030 3557 80.
1055 3495 1187 3575 ἄγκαθεν
1207 3508 1256 3558 est

153 3593 194 3658 ab
208 3595 312 3678 ἀγκᾶς.
336 3596 512 3661 BLOMF.

196 3698 282 3766 κυνὸς
307 3699 402 3785 δίκην]
424 3696 570 3786 AEscbyli
595 3709 688 3762 aetate
713 3692 904 3781 comparatio
924 3716 944 3758 a
965 3715 1041 3759 cane
1062 3691 1168 3774 ducta,
1190 3717 1254 3760 non

152 3799 252 3885 magis
274 3799 420 3887 ignobilis
448 3814 526 3878 erat,
556 3821 652 3887 quam
679 3796 850 3865 Homerica
879 3795 1050 3861 similitudo
1078 3795 1120 3862 ad
1146 3798 1256 3885 Ajacis

152 3901 368 3967 fortitudinem
398 3901 623 3989 designandam
652 3901 693 3967 ab
722 3899 800 3965 asini
828 3898 1000 3965 indolentia
1028 3898 1137 3986 petita.
1183 3902 1255 3968 Hac

151 4002 287 4090 imagine
312 4004 409 4092 igitur
430 4027 554 4071 summa
574 4003 608 4068 iu
629 4001 790 4090 vigilando
810 4000 888 4067 fides
909 4015 941 4068 et
961 4001 1129 4069 assiduitas
1150 4003 1254 4090 desig-

152 4121 256 4171 natur.
273 4108 313 4172 cf.
329 4130 358 4172 v.
375 4111 449 4191 607.
474 4108 576 4172 SCH.

194 4210 291 4290 4-6.
314 4212 387 4275 Hos
404 4232 514 4275 versus
534 4208 611 4274 citat
625 4205 766 4272 Achilles
786 4207 863 4273 Tat.
882 4206 967 4293 laag.
985 4205 1018 4271 in
1033 4206 1128 4273 Arati
1143 4207 1253 4274 Phaon.

151 4331 184 4396 p
198 4327 270 4376 ιιι.

193 4428 227 4497 5.
242 4412 329 4496 θέρος
341 4414 477 4499 βροτοῖς]
494 4417 617 4496 βροτοῖς
632 4410 717 4493 θέρος
731 4412 810 4476 Ven.
826 4409 914 4476 Flor.
930 4408 971 4474 T.

194 4516 228 4580 6.
250 4517 403 4600 λαμπροὺς
424 4514 585 4600 δυνάστας]
610 4514 715 4580 wem
734 4535 771 4580 ao
787 4514 913 4580 Lunam
928 4508 1074 4597 intelligit
1087 4532 1168 4596 quos
1183 4511 1254 4579 Vir·
