2984 5054
514 357 581 419 AD
604 354 899 420 EUMENIDES.
1191 352 1256 416 545

193 543 274 608 319.
288 525 558 607 παραγιγνόμεναι]
576 526 811 606 παραγινόμεναι
825 521 909 587 libri.

198 624 373 708 πράκτορες]
392 624 549 706 κράκτορες
564 626 637 690 Pur.

196 729 596 813 321-333=334-346·

196 832 598 915 347-359=360-372·

197 933 596 1018 373-37⁶=377-380·

197 1033 597 1121 381-388=389-396.

198 1148 275 1215 321.
290 1133 413 1216 ἔτικτες]
431 1134 529 1201 έτεκες
543 1132 621 1196 Ald.
639 1133 745 1197 Turn.

198 1250 276 1315 322.
292 1234 415 1298 ἀλαοῖσι
432 1233 588 1300 Pauwius.
611 1235 753 1299 ἇλααῖσιν
767 1233 848 1298 libri.

199 1352 274 1419 323.
290 1336 410 1422 ποινᾶν]
427 1336 633 1401 Scribendum
649 1339 758 1400 ποινδν
772 1358 844 1399 cum
860 1334 938 1400 Ald.
954 1334 1039 1400 Rob.

200 1435 293 1501 κλῦθ’
316 1440 333 1501 d
348 1438 479 1525 Λατοῦς]
496 1437 577 1503 κλῦθ’
594 1440 719 1505 έλατοῦι
734 1437 811 1502 Ald.
828 1437 913 1501 unde
928 1441 1013 1500 κλῦθι
1024 1440 1139 1503 Λατοῦς
1150 1438 1256 1499 Turn.

201 1554 277 1624 325.
291 1542 365 1626 326.
380 1540 412 1604 in
429 1561 526 1604 unum
544 1562 666 1605 versum
682 1538 893 1626 conjungendi
912 1537 1092 1625 pariterque
1111 1537 1256 1602 antistro-

158 1638 241 1726 rhici
256 1660 328 1727 339·
343 1661 418 1726 340·

201 1762 243 1826 32
245 1757 277 1828 5.
302 1744 417 1826 πτῶκα]
444 1748 541 1808 πτῦκα
568 1745 617 1808 Μ.
646 1742 744 1808 πτάκα
765 1741 874 1808 Guelf.
899 1740 976 1806 Ald.
1004 1755 1036 1806 et
1061 1740 1160 1806 uodex
1188 1742 1258 1806 Ro-

158 1841 292 1907 borrelli.

201 1946 276 2028 328.
291 1947 341 2009 ἐπὶ
355 1948 387 2009 δὲ
398 1951 437 2033 τῷ
453 1947 616 2033 τεθυμένῳ]
634 1949 740 2033 Super
754 1948 808 2011 illo
823 1949 927 2034 οαρῖίι
936 1955 1042 2010 autem
1052 1945 1142 2009 τιούῖσ
1151 1945 1260 2010 devoto

157 2055 294 2111 οαυιαίιιτ
311 2070 448 2127 carmen,
463 2053 645 2127 amentiam,
660 2050 818 2128 delirium,
833 2051 947 2114 υιοιιίῖι
968 2048 1142 2134 deliquium
1162 2049 1258 2127 οῖιπτ,

157 2146 295 2232 hymnus
302 2150 480 2234 firriamm
500 2153 673 2239 ligatorum
689 2173 712 2215 α
727 2152 801 2238 lyra
818 2151 953 2230 αὐῖιτιιιο,
968 2151 1069 2215 tabem
1083 2149 1260 2213 Ιιουιῖυιῖύιιο

159 2251 311 2335 irfireus.
335 2253 436 2316 SCH.
460 2255 509 2317 έπῖ
523 2256 556 2317 δὲ
570 2257 611 2339 τῷ
625 2254 692 2317 τότε
707 2253 878 2339 θυμουμένῳ
893 2254 937 2315 Τ.
983 2253 1099 2315 Versus
1118 2251 1161 2316 sic
1183 2249 1261 2315 divi-

159 2349 257 2416 dendi
271 2354 363 2417 έπὶ-
382 2352 387 2440 Ι
405 2357 607 2435 παρακοπδ-
625 2352 631 2430 Ι
648 2355 781 2433 ὐμυος-
798 2352 806 2438 Ι
825 2352 1118 2434 δέσμιος-βροτοῖς.

203 2474 279 2539 330.
293 2454 467 2539 παραφορδ]
481 2455 654 2536 παραφοραὶ
671 2455 742 2519 Par.

203 2556 405 2643 φρενοδαλής]
422 2557 603 2639 φρενοδαλίς
617 2559 721 2622 Turn.
740 2557 851 2644 steph.
885 2559 1000 2622 Versus
1014 2555 1173 2642 poeoniuus
1185 2577 1258 2620 cum

158 2657 293 2722 catalexi
307 2658 505 2746 unapaeutica.

203 2780 278 2845 33¹·
292 2760 451 2849 Ἐρινύκιν]
466 2760 631 2844 Ἐριννύων
645 2764 750 2827 Turn.
767 2762 875 2847 Steph.

203 2881 278 2946 333.
293 2863 488 2950 δφύρμικτος]
505 2865 622 2951 Agam.
639 2883 712 2949 990.
727 2877 888 2951 comparat
903 2861 1069 2940 Stanleius,
1081 2861 1134 2925 τὸν
1148 2860 1173 2926 δ’
1189 2862 1261 2926 uva»

160 2966 253 3043 λύρας
267 2964 344 3041 ὅμως
358 2966 487 3049 ὑμνῳδεῖ
499 2969 608 3047 θρῆνον
621 2965 757 3049 Ἐρινύος
771 2967 977 3032 αὐτοδίδακτος
991 2965 1106 3028 έσαθεν
1120 2965 1221 3043 θυμός.

205 3065 299 3128 αὐονὰ
312 3067 444 3151 βροτοῖς]
460 3069 540 3131 αὐαυν
552 3069 679 3150 βροτούς
695 3069 805 3156 Soeph.
820 3068 917 3132 hicet
932 3090 961 3130 v.
976 3069 1050 3150 346.

205 3184 225 3249 3
228 3184 280 3249 34.
292 3168 427 3230 διανταία
438 3165 543 3253 Μοῖρ’]
556 3171 672 3233 Omnia
678 3179 861 3257 penetrarer,
871 3167 1120 3252 efficax‚fatum.
1143 3168 1262 3229 Trans-

162 3265 237 3330 lutio
250 3280 297 3330 est
311 3290 330 3329 α
344 3266 460 3352 gladio,
474 3268 560 3354 quod
578 3269 656 3334 vidit
670 3270 844 3348 soholiusta,
858 3271 877 3350 ἡ
891 3271 1019 3349 διαμπδξ
1033 3265 1245 3348 τιμωρουμέυη.

206 3370 282 3453 336.
298 3373 414 3434 θνατῶν
427 3371 591 3435 Οοηῑοτιιο.
614 3372 750 3437 θανάτοιν
764 3371 845 3435 libri.

208 3468 388 3553 αὐτουργίαι]
405 3470 478 3533 Ηοο
501 3470 540 3534 de
560 3472 700 3536 coedibue
717 3473 971 3558 propinquorum
992 3483 1048 3532 aut
1068 3470 1262 3555 correaugm'·

162 3590 291 3632 urorum
306 3568 550 3656 intelligendum.
582 3572 634 3635 Cf.
650 3571 745 3659 paulo
759 3587 831 3660 post
846 3595 875 3636 υ.
891 3591 910 3657 3
912 3573 967 3655 56.
983 3570 1125 3657 Choeph.
1141 3593 1170 3634 v.
1185 3587 1260 3653 470.

163 3673 252 3757 Sept.
266 3671 338 3736 adv.
355 3671 460 3736 Theb.
475 3696 504 3737 v.
521 3674 594 3757 736.
618 3675 720 3738 SCH.
745 3674 922 3756 Αὐτουργίαι
941 3673 1061 3752 μάταιοι
1074 3686 1148 3736 suut
1163 3671 1262 3736 homi-

161 3773 244 3838 cidia
258 3773 386 3838 scelesta
398 3777 489 3856 μιαρδ
503 3789 534 3839 et
548 3777 638 3857 φόνοι
654 3775 804 3854 αὐθένται,
820 3790 857 3839 ut
872 3789 961 3840 vocat
975 3797 1007 3837 v.
1025 3792 1097 3857 207.
1143 3774 1194 3839 Sic
1207 3773 1263 3854 μά-

161 3901 232 3940 ταια
245 3888 277 3941 et
292 3878 401 3941 άνύσια
418 3878 556 3940 κνώδαλα
576 3875 687 3963 Suppl.
703 3900 734 3940 v.
752 3878 825 3962 769.
847 3891 878 3941 et
900 3877 1019 3956 μάταιοι
1040 3881 1139 3959 χεῖρες
1162 3875 1260 3963 Soph.

163 3978 280 4042 Trach.
296 3996 370 4063 574.
394 3979 627 4043 ABRESCH.

206 4080 376 4163 αὐτουργίαι
391 4082 494 4144 Turn.
518 4082 703 4162 αὐτουργίαις
718 4081 770 4144 Μ.
788 4080 896 4145 Guelf.
913 4079 989 4145 Ald.
1007 4079 1092 4145 Rob.
1108 4079 1217 4166 Steph.

206 4181 407 4267 ξυμπέσωσιν]
422 4182 617 4261 ξυμπάσωσιν
632 4183 681 4246 M.
706 4183 904 4264 ξύμπασαυσεν
919 4183 992 4266 (sic)
1009 4182 1092 4247 Rob.

206 4300 281 4365 339.
296 4283 422 4367 ὑπέλθῃ]
439 4282 480 4346 Id
494 4299 541 4349 est
554 4282 669 4369 ὑπέλθῃ
685 4310 737 4358 τις,
753 4285 838 4371 quod
855 4299 937 4349 recte
956 4284 1090 4348 infertur
1112 4295 1183 4368 post
1204 4303 1262 4344 nu·

164 4404 284 4445 merum
301 4382 464 4471 pluralem.
487 4387 599 4464 έπέλθῃ
614 4384 693 4448 Ald.

206 4503 282 4570 343·
296 4488 469 4570 παθαφθθᾶ]
487 4486 666 4569 παθάφθθνα
680 4484 728 4550 vel
743 4490 923 4571 παραφρουᾶ
938 4486 988 4549 Μ.
1007 4482 1116 4549 Guelf.

687 4608 707 4673 3
725 4612 742 4652 2
896 4624 898 4628 ⁴
