2984 5054
277 339 344 406 618
637 339 1020 404 ANNOTATIONES

319 517 394 599 ⁶38.
416 519 452 578 έν
466 515 585 601 όλλοις]
601 516 631 578 1.
646 539 674 578 e.
689 515 721 578 io
736 514 805 577 aliis
823 535 919 599 quam
934 513 1052 598 quibus
1065 534 1104 575 ex
1119 527 1240 574 naturae
1254 508 1383 595 legibtts

276 615 497 681 demetendum
512 616 583 679 tuit.
607 616 816 679 BL'TLER.

319 720 396 799 644.
412 718 628 800 ότιμάσαντες]
646 718 843 796 ἀτιμάσαντες
858 714 934 778 Ald.
950 716 1054 778 Turn.

319 823 396 903 645.
412 821 489 883 Post
503 825 652 900 γνναιεῶν
664 841 785 882 comma
800 832 946 904 ponuur.

318 922 393 1001 646.
421 920 572 1001 πρόιτορό
599 945 632 983 τε
661 919 788 1004 σκοπόν]
816 920 966 1001 πρόσορα
990 915 1179 1003 adjectivum
1209 931 1256 978 est
1283 930 1319 978 ut
1345 917 1380 978 ia

275 1025 393 1108 Agam.
407 1042 479 1084 111.
504 1023 671 1085 STANL.

317 1126 392 1208 649.
427 1123 665 1203 δυσπολέμητον,
697 1123 746 1208 δν]
777 1122 875 1186 Metti
904 1120 1015 1184 vitium
1052 1119 1186 1183 correxit
1214 1117 1380 1195 Butlerus,

273 1229 473 1304 δνσπόλεμον,
489 1226 544 1288 τδν
556 1263 619 1288 -.

317 1329 392 1412 650.
408 1325 453 1389 ἔπ’
469 1326 606 1412 ὀρόφων]
622 1329 780 1408 έπορόφων
794 1325 872 1390 Ald.
896 1326 1049 1405 έπόροφον
1064 1324 1170 1385 Turn.

316 1427 489 1512 μιαίνοντα]
514 1428 625 1492 Lectio
646 1427 794 1508 absurda,
808 1426 1013 1514 probabiliter
1031 1440 1169 1489 correcta
1189 1424 1230 1487 ab
1253 1423 1376 1487 Schue-

274 1529 347 1608 tzio‚
363 1530 418 1616 qui
436 1531 612 1595 κοταίνοντα
626 1530 769 1616 conjecit.

316 1632 429 1714 έφίζει]
447 1632 582 1713 έφιζάνει
597 1633 702 1695 Turn.

315 1735 389 1816 657.
411 1732 576 1818 ὑποσιίιιν]
589 1735 641 1797 Εο
654 1733 741 1818 quod
762 1732 809 1797 ori
829 1756 887 1797 suo
904 1730 1141 1819 praetendebant
1154 1730 1244 1793 olirae
1258 1752 1377 1794 ramos.

274 1835 326 1898 Ita
362 1857 458 1921 supra
487 1857 518 1898 v.
547 1851 620 1921 359.
656 1836 794 1899 κλάδοισι
823 1836 995 1914 νεοδρόποις
1023 1832 1183 1896 κατάσκιον
1196 1869 1241 1879 -
1254 1833 1374 1909 ὅμιλον.

272 1935 441 1998 STANL.
463 1936 629 2001 inducitis
645 1938 696 1999 Μ.
718 1938 776 2000 ὑπὸ
791 1937 885 1999 σκιὸν
899 1933 978 1997 Ald.

315 2037 388 2098 661.
406 2035 569 2099 Lacunam
584 2036 787 2123 probabiliter
801 2034 937 2123 explevit
951 2035 1110 2098 Hcathius
1123 2034 1232 2097 addito
1246 2035 1319 2115 ἔρις.

314 2139 387 2199 662.
410 2136 503 2201 πέδον
524 2143 588 2219 γῖις.
610 2141 689 2216 ἥβας
711 2139 880 2201 Porsontta.
903 2136 997 2200 πέδον
1017 2141 1069 2203 rtis
1089 2137 1168 2215 ἥβας
1190 2136 1241 2199 Μ.
1263 2137 1374 2199 Turn.

269 2237 362 2302 πέδον
375 2241 429 2304 τὰς
442 2239 520 2317 ἥβας
533 2238 611 2302 Ald.
633 2238 726 2304 πέδον
739 2241 818 2319 ἥβας
832 2238 919 2302 Rob.
937 2237 1046 2324 Steph.

314 2341 391 2424 663.
407 2338 431 2403 δ’
446 2362 507 2405 οιιι.
525 2341 608 2404 Rob.

314 2444 386 2524 664
402 2440 468 2522 μηδ’
485 2442 653 2507 Heathius.
675 2444 715 2523 μὴ
730 2442 811 2508 libn'.
1037 2523 1047 2538 .

312 2544 385 2608 666.
409 2545 457 2607 καὶ
478 2545 807 2630 γεραροῖσι-νέμοιτο]
824 2547 869 2610 Et
885 2567 953 2608 arce
969 2545 1097 2608 deorum
1116 2563 1225 2606 senum
1241 2541 1306 2605 scil.
1322 2565 1372 2604 sa-

269 2644 430 2710 cerdotum
460 2648 646 2710 ministeriis
657 2648 886 2735 frequentibus
912 2649 1057 2734 effuant,
1084 2646 1274 2731 ignibusque
1295 2645 1374 2707 ado-

268 2749 397 2824 lescant,
413 2756 450 2810 ut
467 2749 544 2811 urbs
563 2757 644 2811 recte
664 2750 918 2812 administretur.
940 2749 1061 2830 γεραραὶ
1083 2748 1266 2825 uenerandi,
1281 2746 1370 2810 haud

269 2846 366 2910 dubie
394 2846 434 2910 ad
464 2846 638 2911 sacerdotes
667 2849 811 2934 pertinet.
857 2850 1059 2913 Incommode
1088 2849 1180 2912 vertit
1211 2847 1310 2912 Stanl.
1340 2858 1372 2912 et

268 2949 420 3012 nobilium
440 2970 527 3014 setus
549 2952 734 3037 recipientes
751 2953 858 3035 plcnae
878 2955 944 3017 sint
962 2974 1041 3016 στω.
1087 2951 1241 3030 Quoniam
1264 2967 1371 3014 tamen

269 3049 447 3114 sacerdotiis
471 3074 559 3136 reges
582 3074 710 3138 quoque
732 3052 847 3139 aliique
871 3054 1070 3140 magistratus
1089 3053 1315 3138 fungebantur,
1336 3053 1370 3115 in

269 3158 424 3234 γεραροῖσι
446 3153 487 3216 ad
514 3153 570 3217 hos
595 3176 723 3240 quoque
747 3155 856 3242 respici
879 3155 1026 3220 credibile
1047 3169 1104 3218 est.
1128 3155 1225 3219 scfl.
1252 3153 1370 3240 Eurip.

203 3306 206 3313 .
269 3251 388 3316 Electr.
405 3271 478 3340 713.
493 3255 533 3319 ab
551 3255 689 3321 Seidlero
705 3272 914 3344 comparatus,
931 3256 1057 3336 θυμέλαι
1075 3255 1099 3320 δ’
1116 3258 1272 3319 ἐπίτναντο
1293 3281 1368 3337 χρο-

270 3352 405 3433 σήλατοι,
422 3363 582 3439 σελαγεῖτο
597 3359 621 3420 δ’
638 3357 682 3422 ἀν’
697 3359 772 3423 doru
787 3365 844 3440 πῦρ
860 3360 1024 3438 έπιβάμιον
1036 3357 1190 3438 Ἀργείων.

312 3457 385 3542 669.
402 3455 427 3521 θ’
444 3460 482 3526 ὣς
496 3461 582 3526 πόλις
598 3461 706 3546 Steph.
722 3460 746 3523 τ’
763 3463 801 3528 ὡς
814 3465 902 3528 πόλις
914 3463 1017 3524 Turn.
1038 3462 1095 3525 τὼς
1108 3462 1197 3525 πόλις
1211 3457 1294 3522 Rob.
1311 3465 1370 3526 πῶς

267 3558 372 3625 πόλεις
386 3558 463 3624 ΑΙά.
477 3571 517 3647 τῷ
527 3562 575 3624 καὶ
589 3564 692 3629 πόλεις
702 3562 809 3627 Guelf.
826 3566 929 3629 πόλεις
942 3562 1034 3625 etiam
1051 3583 1089 3624 ex
1106 3562 1156 3623 M.
1172 3574 1367 3624 annotatum.

312 3660 385 3742 671.
401 3660 511 3745 μέγαν]
528 3662 606 3744 μέγα
623 3664 672 3726 Μ.
689 3663 796 3727 Guelf.
813 3664 896 3727 Rob.

312 3764 385 3843 672.
408 3763 462 3826 τὸν
483 3763 581 3841 ξένιον
605 3763 628 3828 δ’
653 3764 720 3847 (Δί’
744 3765 859 3832 violato
880 3779 980 3827 metro
995 3762 1164 3842 Canterus)
1184 3761 1366 3846 ὑπέρτατον]

270 3862 299 3924 1.
315 3884 342 3925 e.
365 3884 513 3947 magnum
530 3866 644 3927 Jovem
668 3880 863 3945 venerentur,
886 3863 1068 3952 hospitalem
1091 3878 1196 3926 autem
1220 3860 1367 3930 maxime.

268 3961 559 4027 WELLAUER.
606 3967 757 4052 Suspecta
775 3981 823 4031 est
843 3966 946 4031 brevis
967 3966 999 4028 in
1022 3966 1083 4027 line
1104 3986 1212 4027 versus
1234 3963 1367 4048 syllaba.

266 4061 434 4142 ὑπερτάτως
448 4064 624 4129 Ahrensius
639 4089 671 4152 p.
689 4069 739 4131 28.
756 4067 868 4132 oollata
889 4066 1088 4131 annotatione
1107 4064 1290 4143 scholiastae,
1305 4074 1369 4131 τῶν

267 4164 416 4245 γερόντων
431 4168 587 4244 σεβόντων
601 4168 654 4231 τὸν
670 4171 730 4233 Δία
745 4170 797 4233 τὸν
812 4170 911 4248 ξένιον
924 4168 1098 4249 ὑπερτάτως.

312 4265 387 4350 673.
404 4265 451 4351 ds]
468 4266 507 4333 ὣς
522 4266 601 4331 Ald.
624 4270 662 4335 ὧς
678 4270 763 4333 Rob.

312 4367 408 4452 πολιῷ
431 4369 510 4454 νόμιρ
533 4368 625 4434 αἶσαν
646 4371 745 4458 ὀρθοῖ]
771 4369 985 4449 Scholiasta,d
1008 4372 1082 4438 Ζεὺς
1100 4375 1139 4457 τῷ
1154 4370 1267 4454 ἀρχαίῳ
1283 4371 1366 4455 νόμω

268 4467 303 4533 τὸ
316 4470 387 4534 ἴσον
400 4476 492 4552 τηρεῖ.
