2984 5054
454 359 523 421 AD
546 359 879 423 CHOEPHORAS.
1154 359 1217 422 441

163 540 217 604 94
233 540 285 608 95.
306 525 346 591 ὥς
365 522 456 606 νόμος
471 532 594 607 βροτοῖς
614 526 675 590 ἔστ’
690 527 859 591 ἀντιδοῦναι
872 531 953 590 τοῖσι
965 522 1135 604 πέμπουσιν
1148 522 1220 587 τάδε

119 621 219 706 στέφη
233 623 322 691 δόσιν
334 650 367 690 τε
382 632 441 691 τῶν
455 633 552 693 κακῶν
567 628 703 714 ἐπαξίαν]
719 629 854 693 Frustra
866 627 935 694 haec
949 627 1098 715 expedire
1116 625 1220 692 conati

119 740 194 791 sunt
216 725 410 814 interpretes.
433 729 574 796 Elmslei.
589 729 629 795 ad
642 729 756 816 Eurip.
770 728 899 793 Heraol.
911 729 986 813 387.
998 726 1218 813 corrigendum

120 826 298 907 videbatur,
322 831 361 897 ὣς
382 829 471 911 νόμος
491 838 632 923 βροτοῖςρ
649 832 734 897 ἔσθλ’
761 833 930 896 ἀντιδοῦναι
953 837 1034 895 τοῖσι
1054 828 1221 910 πέμπουσιν

119 928 191 993 τάδε
205 927 313 1012 στέφη,
330 928 415 995 δόσιν
429 959 462 996 τε
477 940 536 997 τῶν
557 941 656 998 καλῶν
676 936 811 1012 έτταξίον·
836 950 931 1012 recte,
948 933 1004 997 nisi
1024 932 1111 1018 quod
1135 930 1222 996 δόσιν

120 1054 158 1112 γε
171 1053 243 1095 eum
261 1031 399 1097 Stanleio
412 1034 555 1109 seribere,
571 1058 693 1100 servare
708 1051 812 1100 nutem
829 1041 925 1101 κακῶν
938 1033 1085 1111 debebat,
1100 1032 1140 1097 de
1156 1056 1222 1120 quo

121 1145 205 1197 recte
223 1132 398 1214 scholiasta,
410 1141 471 1199 τῶν
485 1143 598 1201 κακῶνε
623 1136 691 1219 παρ’
706 1135 861 1202 ὑπόνοιαν.
884 1138 945 1203 έδει
964 1141 1023 1219 γδρ
1043 1142 1102 1201 τῶν
1123 1143 1223 1203 κολιῖν

122 1235 228 1299 εἰπεῖν.

164 1350 218 1421 95.
241 1334 354 1423 στέφη]
373 1338 516 1417 Corone,
531 1340 649 1425 quibus
670 1341 848 1428 sepulcrum
871 1341 1043 1406 ornabatur
1055 1367 1064 1417 ;
1087 1361 1222 1427 quarum

120 1435 236 1503 diserte
250 1440 437 1505 mentionem
453 1441 527 1506 facit
543 1441 780 1528 Chrysothemis
799 1443 884 1530 apud
902 1442 1088 1530 Sophoclem
1104 1441 1222 1507 Electr.

124 1562 157 1604 v.
174 1544 248 1627 899.

340 1669 406 1732 ἐπεῖ
418 1671 477 1750 γδρ
491 1668 587 1748 ἦλθον
601 1671 711 1751 πατρὸς
726 1674 852 1755 άρχαῖον
868 1672 975 1754 τάφον,

340 1773 399 1851 άρῶ
415 1772 546 1851 κολώνης
561 1773 594 1850 ἐξ
608 1773 696 1853 όκρας
713 1775 885 1855 νεορρύτους

340 1877 437 1956 πηγὰς
449 1873 609 1956 γάλακτος,
626 1875 674 1939 καὶ
688 1875 854 1956 περιστεφῆ
870 1876 965 1959 κόκλιρ

341 1975 460 2040 πάντων
475 1975 521 2039 όσ’
538 1978 621 2040 έοτιν
636 1975 751 2041 ἀνθέων
766 1976 857 2056 θήκην
871 1974 992 2058 πατρός.

126 2154 236 2218 Potest
258 2170 362 2217 tamen
384 2153 489 2228 etiam,
505 2152 591 2240 quod
608 2151 782 2217 Abrescbio
804 2152 958 2238 placebat,
982 2151 1079 2235 στέφη
1100 2152 1227 2217 omnino

125 2254 168 2320 de
184 2256 310 2342 infimis
324 2253 465 2341 intelligi.
512 2254 564 2319 Sic
580 2254 727 2340 Sophocl.
743 2255 861 2321 Electr.
876 2279 905 2319 v.
920 2271 973 2341 52.
988 2254 1099 2337 πατρός
1112 2256 1227 2334 τύμβον

124 2364 263 2438 λοιβαῖσι
277 2359 326 2424 rol
340 2355 515 2440 καρατόμοις
528 2361 646 2441 χλιδαῖς
668 2356 802 2437 στέφειν,
823 2371 855 2420 et
871 2357 981 2443 Antig.
998 2380 1027 2418 v.
1043 2376 1119 2442 437.
1142 2361 1228 2439 χοαῖς

126 2460 180 2525 τδν
195 2458 282 2525 νέκυν
296 2458 414 2540 στέφει.
439 2461 540 2524 SCH.

169 2578 221 2644 97.
236 2562 370 2644 γάποτον
380 2562 483 2648 χύσιν]
495 2559 642 2644 γαπότους
652 2561 728 2644 χοάς
741 2563 810 2638 164.
835 2562 936 2624 Terra
947 2559 1110 2624 humorem
1123 2558 1229 2623 bibere

126 2662 242 2728 dicitur
264 2686 293 2725 v.
317 2665 369 2728 66.
393 2663 596 2744 Herodot4,
613 2665 681 2745 198.
704 2665 723 2742 ἡ
743 2665 953 2742 Λιβύη-οὕτε
973 2664 1089 2745 αὐχμοῦ
1110 2663 1229 2744 φροντί-

126 2775 219 2842 ζουσα
233 2762 331 2838 οὐδέν,
347 2765 416 2832 οὔτε
428 2766 546 2848 ὄμβρον
562 2762 645 2830 πλέω
665 2770 786 2842 πιοῦσα,
802 2764 969 2845 δεδήληται.
986 2763 1041 2829 ubi
1056 2763 1120 2827 vid.
1136 2765 1230 2826 Wes-

127 2865 237 2952 seling.
254 2866 358 2931 Theb.
376 2868 447 2931 820.
470 2867 633 2946 βασιλέοιν
653 2865 677 2932 δ’
694 2869 879 2948 ὁμοσπόροιν
893 2867 1040 2932 Πέττιικεν
1060 2867 1132 2946 οἶμα
1153 2866 1230 2947 γαῖ’,

126 2966 175 3032 ὑπ’
191 2967 336 3047 ἀλλήλοιν
350 2970 444 3053 φόνῳ.
461 2970 559 3033 Eum.
575 2971 595 3032 6
595 2982 649 3053 50.
664 2967 789 3051 Ἀνδρδς
812 2968 836 3033 δ’
854 2971 976 3034 ἐπειδᾶν
991 2966 1051 3048 οἶμ’
1068 2967 1232 3053 ἀνασπάσῃ

128 3071 216 3136 κόνις.
240 3069 418 3132 BLOMF.

171 3168 347 3253 καθόρματ’]
364 3170 495 3235 Lustra.
541 3169 698 3235 Sacrificio
720 3170 868 3236 lustralia.
900 3170 1035 3251 κάθαρμα
1053 3170 1102 3232 vel
1126 3168 1233 3250 καθάρ-

128 3296 198 3337 σιον
212 3270 313 3337 Attici
334 3270 481 3337 dicebant
498 3269 669 3357 porcellum
692 3293 786 3356 quem
808 3270 839 3335 in
861 3269 1098 3336 lustrationibus
1112 3270 1232 3336 caedere

128 3371 286 3439 solebant:
311 3371 372 3437 vid.
390 3371 531 3458 Hesych.
551 3371 581 3434 in
602 3394 687 3436 voce.
732 3371 861 3436 Cineres
882 3387 988 3435 autem
1010 3371 1146 3435 victimae
1168 3370 1231 3436 lus-

128 3475 214 3541 tralia
228 3476 260 3540 in
275 3499 348 3541 vase
362 3475 448 3541 fictili
469 3497 508 3539 ex
524 3475 646 3540 sedibus
660 3475 806 3562 portabat
826 3474 965 3539 minister
988 3478 1230 3559 (nonuunquam

127 3577 379 3644 transfluvium.
425 3577 519 3644 Conf.
544 3575 704 3641 Theocn't
725 3594 778 3655 24,
794 3595 849 3659 91.
871 3598 945 3639 eum
968 3573 1100 3640 Levitie.
1117 3576 1232 3658 6,11.)

128 3681 203 3744 Hoc
214 3694 261 3744 est
276 3678 436 3761 καθάρμοτ’
455 3677 625 3759 ἐκπέμπειν.
652 3676 756 3743 Schol.
771 3681 857 3741 τοῦτο
871 3677 945 3759 πρὸς
960 3677 993 3740 τὸ
1008 3675 1077 3758 παρ’
1092 3675 1232 3756 Ἀθηναῖ-

127 3807 172 3850 οις
191 3782 267 3849 ἔθος·
290 3783 337 3847 ότι
358 3784 550 3863 καθαίροντες
571 3782 669 3846 οἰκίαν
690 3780 856 3863 όστριικίνῳ
879 3781 1066 3864 θνμιατηρέφ,
1088 3781 1235 3860 ῥίψαντες

128 3885 164 3951 έν
185 3889 251 3951 ταῖς
271 3884 397 3965 τριόδοις
420 3882 455 3947 τὸ
479 3884 639 3963 ὄστρακον,
663 3882 880 3962 ἀμεταστρεπτὶ
901 3881 1083 3963 άνςχόρουν.
1131 3879 1235 3962 Idem,

127 3984 243 4051 πάλυνε
282 3988 324 4053 εὶς
360 3986 491 4051 τοῦπίσιι
528 3981 727 4065 άναχυρήσυ.
763 3982 838 4062 πρὸς
873 3981 926 4045 τδν
955 3981 1102 4063 Ἀθήνησι
1131 3985 1234 4063 νόμον.

128 4086 304 4150 BLOMF.
340 4085 448 4151 πάλιν·
469 4083 473 4172 Ι
494 4089 619 4148 δικοῦσα
649 4082 838 4168 conjunctim
870 4085 974 4145 Turn.
1021 4086 1121 4149 Recte
1145 4086 1236 4150 schn-

126 4187 217 4253 lianta
231 4190 342 4271 στείχω
356 4187 451 4253 πάλιν
466 4182 641 4270 conjunxit.
674 4184 789 4269 Itaque
802 4205 925 4248 commu
940 4196 1011 4270 post
1026 4188 1138 4270 στείχοι
1154 4187 1236 4273 posi·

128 4305 198 4355 tum
212 4289 367 4355 deleatur.

169 4413 222 4477 99.
246 4393 444 4474 ἀστρόφοισιν
465 4387 609 4474 ὄμμασιν]
633 4387 743 4451 Oculis
764 4390 933 4452 irretortis.
982 4388 1080 4472 Soph.
1098 4386 1177 4453 OEd.
1195 4390 1234 4452 C.

125 4512 201 4577 502.
222 4491 337 4558 'Enrrr’
358 4491 507 4574 δφέρπειν
526 4490 691 4569 άστροφος,
708 4485 762 4550 ubi
778 4486 986 4571 Musgravius
1007 4487 1129 4551 confert
1151 4489 1237 4552 hunc

654 4608 712 4674 31
