2984 5054
450 356 518 418 An
541 355 941 419 AGAMEMNONEM.
1184 354 1249 420 357

148 551 244 604 μενος.
263 524 403 612 Hesych.
442 524 589 611 Sophocl.
606 525 725 589 Trach.
740 528 792 610 36.
809 530 875 589 Νῦν
897 524 921 589 δ’
944 526 1016 603 ἡνίκ’
1039 527 1143 588 ἄθλων
1165 522 1248 588 τῶνδ’

148 628 309 708 ὑπερτελὴς
324 629 391 710 ἔφυ.
418 629 531 714 Eurip.
551 630 620 693 Ion.
634 631 726 714 1566.
747 628 816 692 Ἔα·
840 629 883 695 τίς
897 631 985 692 οίκων
1000 629 1149 691 θυοδόκων
1163 629 1250 708 ὑπερ-

149 730 237 808 τελὴς
252 730 412 810 Ἀντήλιον
426 733 588 812 πρόσωπον
603 734 738 814 ἐκφαίνει
754 737 848 803 θεῶν;
886 733 1034 795 Ceterum
1058 731 1249 797 subaudien-

149 830 225 895 dum
243 833 373 914 ἐγένετο.
397 834 572 897 BLOMF.

194 934 331 1020 νωτίσαι]
355 936 420 999 Per
439 936 567 999 doraum
589 938 645 1000 ire.
693 938 768 1000 Lux
795 935 911 1000 dieitur
929 935 974 999 ire
995 935 1040 1000 ἐπ’
1063 935 1150 1017 εὐρέα
1172 942 1251 1000 νῶτα

150 1037 315 1118 θαλάσσης,
346 1052 382 1102 ut
405 1037 449 1102 ait
473 1040 634 1102 Homerus
659 1038 699 1103 ll.
723 1045 757 1116 B,
782 1057 851 1124 159.
906 1040 1006 1102 Recte
1032 1037 1129 1124 igitur
1154 1039 1250 1102 schol.

150 1142 323 1220 ὑπερβῆναι.
347 1139 460 1225 Eurip.
484 1141 638 1204 Phoeniss.
661 1144 735 1206 660.
761 1144 866 1207 κισσὸς
891 1140 927 1204 δν
949 1140 1129 1222 περιστεφὴς
1150 1147 1250 1219 Χλοη-

151 1244 289 1323 φόροισιν
311 1243 429 1323 ἔρνεσιν
452 1245 667 1307 Κατασκίοισιν
688 1246 819 1323 ὀλβίσας
842 1245 974 1308 ἐνιδτισε.
996 1243 1016 1307 i.
1033 1266 1060 1306 e.
1080 1266 1141 1329 per
1159 1253 1252 1328 terga

150 1345 278 1430 ‹iffa-it,
301 1344 355 1408 ubi
378 1344 481 1408 minus
502 1362 655 1424 accurate,
675 1361 711 1411 ut
733 1347 855 1433 opinor,
875 1347 954 1410 hane
977 1368 1082 1410 vocem
1107 1345 1251 1410 tractavit

152 1447 319 1510 Porsonus.
343 1447 519 1511 BLOMF.

196 1549 267 1632 287.
289 1550 363 1629 πρὸς
383 1549 508 1637 ἡδονήν]
532 1552 586 1614 lta
607 1561 644 1614 ut
666 1552 855 1636 voluptatem
877 1551 1014 1635 adferat.
1044 1551 1150 1615 Prom.
1174 1569 1250 1634 502.

152 1652 199 1716 καὶ
213 1655 319 1734 χροιδν
333 1653 400 1715 τίνα
409 1650 532 1735 Ἐχσυτ’
549 1653 588 1717 ἂν
602 1656 647 1732 εἵη
662 1657 801 1734 δαίμοσιν
815 1655 888 1736 πρὸς
898 1653 1017 1734 ἡδονήν.
1033 1652 1147 1739 Eurip.
1161 1653 1250 1716 Med.

152 1769 226 1836 771.
248 1754 341 1833 Λίξω·
365 1754 455 1837 δέχου
470 1758 503 1818 δὲ
517 1755 557 1835 μὴ
570 1756 644 1837 πρὸς
657 1758 766 1837 ἡδονὴν
780 1761 899 1839 λόγους.
924 1754 997 1842 Iph.
1012 1758 1055 1819 A.
1068 1773 1162 1819 1022.
1178 1755 1252 1835 πρδς

152 1856 259 1936 ἡδονὴν
274 1858 377 1938 φίλοις
391 1859 448 1922 Σοί
460 1856 485 1920 τ’
502 1857 540 1922 δν
554 1858 683 1940 γένοιτο,
700 1860 755 1924 κδν
771 1861 843 1939 ἐμοῦ
857 1859 956 1942 χωρὶς,
973 1855 1051 1921 τάδε.
1075 1857 1249 1921 BLOMF.

153 1961 229 2023 Post
253 1957 362 2038 ἡδονὴν
384 1981 506 2024 comma
532 1976 678 2047 ponatur,
702 1960 843 2025 deleatur
871 1975 941 2047 post
970 1961 1072 2038 πεύκη,
1102 1957 1188 2044 quod
1219 1958 1250 2022 in

152 2063 260 2138 πεύκης
275 2060 407 2124 mutavit
425 2061 611 2125 Schuetzius
625 2064 804 2149 conjectura
819 2061 982 2150 probabili.

196 2163 268 2231 288.
285 2163 509 2247 χρυσοφεγγής]
523 2165 664 2228 Auream
675 2167 774 2228 lucem
784 2167 937 2229 emittens.
951 2161 1064 2249 Eurip.
1074 2161 1250 2227 Phaethon.

152 2288 202 2350 ap.
220 2265 364 2329 Macrob.
382 2267 448 2330 Sat.
463 2287 475 2328 1
481 2314 491 2346 ,
505 2283 553 2349 17.
569 2266 592 2331 δ
607 2271 817 2352 χρυσοφεγγές
831 2267 902 2347 ἥλί,
919 2268 959 2334 ὥς
972 2265 1001 2346 μ’
1017 2267 1184 2332 ἀπώλεσας.
1210 2267 1249 2329 ln

154 2367 305 2432 Phoeniss.
338 2387 367 2433 2.
414 2367 467 2431 sol
496 2368 611 2433 dieitur
640 2369 928 2454 χρυσοκολλήτοισιν
959 2369 1096 2448 ἐμβεβὼς
1125 2369 1249 2448 δίφροις.

154 2470 326 2534 BLOMF.

194 2573 264 2656 289.
289 2573 457 2657 Μακίστου]
478 2574 601 2637 Nomen
625 2597 690 2639 esse
712 2596 773 2637 non
795 2572 920 2651 montis,
940 2570 993 2635 sed
1016 2569 1160 2648 hominis,
1176 2592 1249 2634 eon·

153 2675 252 2738 tendit
267 2673 437 2752 HeathiuS,
452 2675 493 2738 ob
516 2675 687 2761 sequentia,
707 2678 723 2739 δ
746 2678 770 2739 δ’
791 2677 855 2742 οὔτι
878 2703 902 2739 κ.
919 2700 943 2736 τ.
959 2682 991 2736 λ.
1037 2672 1099 2736 Sed
1125 2671 1252 2737 omnino

152 2777 191 2840 de
206 2792 311 2842 monte
326 2776 537 2863 cogitandum,
555 2792 591 2841 ut
606 2779 638 2841 in
653 2778 762 2843 ceteris
778 2776 976 2856 stationibus,
992 2801 1064 2863 quae
1079 2791 1168 2841 erant
1180 2777 1250 2857 Ida,

152 2901 241 2943 mons
253 2882 432 2957 Hermaeus,
449 2880 563 2958 Athos,
581 2881 748 2959 Macistus,
765 2879 953 2967 Messapius‚
971 2880 1144 2958 Cithaerou,
1160 2880 1252 2966 AEgi-

152 2973 526 3068 planetuaArachnaeus.
549 2982 674 3047 Eretria
688 2983 832 3048 Euboica
847 2982 967 3048 colonia
981 2995 1047 3047 erat
1063 3005 1102 3045 ex
1117 2983 1253 3047 Macisto

154 3084 305 3164 Elidensi,
330 3085 456 3168 (Strabo
471 3106 521 3151 10.
536 3090 598 3168 10.)
623 3099 654 3149 et
676 3086 757 3150 forte
779 3086 822 3150 sic
844 3085 1007 3152 dicebatur
1029 3108 1119 3149 mons
1140 3084 1253 3171 aliquis

154 3186 298 3250 Euhoeae.
345 3185 516 3250 Scholiasta
530 3185 657 3272 legerat,
675 3203 711 3252 ut
725 3187 860 3266 videtur,
875 3189 1013 3269 μακίστη,
1030 3186 1252 3274 interpretatur

154 3287 233 3350 enim
248 3290 375 3370 μεγίστη
390 3290 491 3367 πεύκη.
517 3290 693 3354 BLOMF.

197 3390 332 3475 σκοπαῖς]
348 3395 461 3457 σκοπᾶς
477 3392 525 3453 Μ.
543 3391 651 3456 Gueif.
675 3396 787 3458 σκοπὰς
803 3391 853 3455 Fl.
871 3392 912 3453 T.
929 3390 1006 3454 Ald.
1023 3392 1106 3455 Rob.

198 3512 271 3575 290.
300 3495 515 3578 ἀφρασμόνως]
547 3495 745 3575 δφραδμόνως
775 3495 952 3556 Pearsonus
980 3493 1106 3556 frustra.
1141 3492 1183 3557 V.
1211 3493 1250 3557 ad

155 3596 242 3658 Pers.
259 3614 332 3679 417.

199 3717 271 3783 293.
287 3696 484 3783 Μεσσαπίου]
503 3701 658 3762 Μεταπίου
673 3697 750 3761 Ald.
763 3697 935 3763 ,Μεσαπίου
950 3697 1053 3775 ceteri,
1069 3712 1184 3782 praeter
1200 3697 1250 3763 M.

154 3815 185 3863 et
201 3799 432 3879 Robortellurn,
447 3801 503 3887 qui
519 3803 710 3864 Μεσσαπίου.
734 3801 844 3863 Recte.
877 3798 928 3863 Sic
944 3798 1058 3863 Strabo
1072 3813 1104 3862 et
1120 3800 1252 3886 Stepha-

154 3924 214 3966 nus
238 3902 442 3990 Byzantinus.
499 3902 670 3966 Pausanias
693 3924 767 3965 vero
791 3915 823 3965 et
847 3900 981 3965 Photius
1006 3923 1063 3987 per
1089 3923 1186 3964 uuum
1214 3907 1251 3964 Σ.

156 4006 241 4092 Virg.
257 4008 333 4070 AEn.
351 4023 381 4088 7,
397 4007 470 4088 691.
495 4008 536 4068 Aa
557 4007 738 4091 Messapus,
760 4025 874 4090 equum
896 4004 1040 4068 ιίουιίίον.
1087 4002 1137 4068 Sic
1159 4004 1252 4068 etiam

157 4108 282 4172 Servius
297 4106 337 4170 ad
353 4107 430 4171 AEn.
448 4107 479 4184 8,
496 4125 526 4190 9.
573 4106 746 4171 Μεσσάπιοι
760 4129 838 4192 gens
854 4107 966 4184 Italia,
984 4105 1134 4193 Thucyd.
1152 4124 1182 4189 7,
1198 4126 1252 4192 33.

154 4211 334 4274 scribuntur
356 4207 510 4272 Μεσδπιοι
532 4210 564 4272 in
583 4210 702 4274 Athen.
718 4229 751 4294 3,
769 4224 820 4292 25.
864 4210 925 4272 Est
946 4224 1049 4272 autern
1073 4209 1254 4275 Μεσσάπιος

156 4318 243 4377 motis
258 4311 401 4376 Boeotiae.
420 4311 524 4376 Schol.
540 4315 608 4394 ὄρος
627 4314 736 4395 μεταξὺ
750 4314 881 4393 Εὖβοίας
902 4314 948 4376 καὶ
964 4315 1114 4379 Βοιωτίας.
1139 4311 1253 4376 Strabo

156 4437 186 4499 9.
209 4439 239 4503 p.
260 4435 335 4498 405.
354 4415 392 4477 B.
418 4416 452 4477 ἑν
475 4416 507 4478 δὲ
532 4414 764 4500 τῇἈνθηδουίᾳ
785 4415 968 4479 Μεσσάπιον
992 4418 1060 4496 ὅρος
1084 4415 1176 4486 ἐστὶν,
1193 4413 1253 4477 ἀπὸ

157 4519 337 4590 Μεσσδπου,
359 4539 432 4603 quae
456 4516 547 4581 vertit
571 4517 696 4581 Servius
717 4517 756 4580 ad
782 4516 869 4602 Virg.
884 4518 960 4579 AEn.
978 4515 1007 4592 8,
1024 4536 1054 4598 9.
1077 4516 1120 4577 In
1136 4515 1252 4578 Anthe-
