2984 5054
495 385 562 448 AD
584 385 985 449 AGAMEMNONEM.
1227 383 1292 449 87⁶!

237 555 310 617 660.
327 559 470 617 ναυτικῶν
484 553 509 616 τ’
525 555 675 638 ἐρειπίων]
694 555 859 619 Genitivos
880 554 995 619 librarii
1018 569 1191 640 posueruut
1213 576 1294 640 prae-

192 653 375 719 cedentibus
388 654 511 742 decepti
524 654 669 741 genitivis
685 657 802 738 ἆνδρῶυ
814 654 960 739 Ἀχαιῶν.
995 654 1201 720 scribendum
1225 681 1293 721 vnv-

192 763 283 825 τικοῖς
296 756 320 820 τ’
337 759 475 834 ἐρειπίοις
488 780 558 822 oum
577 757 723 823 Stanleio.

236 861 309 923 662.
330 857 349 939 ἢ
370 858 528 942 ’ξῃρήσατο
552 860 755 923 Hermannus
779 858 866 946 apud
892 858 1032 923 Lobeek.
1055 857 1096 922 ad
1119 857 1290 946 Phrynicb.

192 984 226 1048 p.
242 963 316 1042 718.
354 960 537 1048 Legebatur
550 959 569 1041 ἦ
583 959 751 1040 ’ξῃτήσατω

237 1064 311 1143 664.
335 1066 409 1126 ναῦν
434 1060 574 1125 στελούσ’
594 1063 754 1127 Porsonus
779 1084 818 1127 ex
844 1063 971 1127 Canteri
995 1063 1182 1150 oonjeetura.
1218 1069 1293 1128 ναΰυ

192 1161 313 1227 θέλοντ’
326 1162 408 1228 libri.
446 1162 675 1250 corrigendum
691 1163 889 1229 ναυστολοῦσ’
904 1187 976 1230 cum
993 1166 1192 1230 casaubono.

236 1266 280 1329 66
278 1278 311 1350 5.
327 1267 361 1329 έν
375 1264 470 1352 ὅρμιρ]
485 1264 552 1329 Ubi
564 1265 706 1351 inprimis
717 1266 888 1354 periculosa
901 1269 1025 1349 κύματος
1034 1267 1116 1348 (ἄλη.
1134 1268 1292 1333 PAUW.

236 1368 312 1452 673.
326 1365 421 1451 ταῦτ’]
437 1363 516 1432 ταῦτ’
534 1366 699 1432 Stanleius.

236 1470 313 1533 680.
328 1470 439 1553 κλύων]
458 1470 560 1534 κλύειν
575 1468 617 1532 Τ.
632 1468 719 1556 quod
735 1470 979 1558 superscriptum
996 1470 1028 1534 in
1044 1471 1095 1535 Fl.

237 1571 633 1654 681—698=699-716.

238 1674 635 1758 717-72⁶=727-73⁶·

237 1778 633 1860 737-749=750-7⁶2·

238 1880 633 1965 7⁶3-772=773-782·

236 1981 308 2044 681.
321 1981 395 2046 682.
419 1994 452 2044 et
473 1983 545 2068 683.
562 1982 637 2060 684.
659 1995 690 2044 et
711 1981 786 2044 686.
803 1981 877 2062 687.
900 1981 931 2043 in
957 2004 1053 2045 unum
1074 2003 1197 2045 versum
1219 2005 1291 2046 con·

188 2082 344 2170 jungendi
358 2083 537 2170 pariterque
550 2083 581 2147 in
597 2083 801 2169 antistrophe.

236 2187 308 2265 684.
323 2187 492 2266 προνοίαισι
507 2184 664 2249 Pauuius.
687 2188 839 2267 προνοίαις
853 2184 935 2250 libri.

237 2286 277 2348 68
278 2301 311 2371 5.
326 2293 473 2367 γλῶσσαν
488 2289 522 2352 έν
536 2288 611 2372 τύχα
626 2286 737 2367 νέμειν,
752 2302 799 2351 est
816 2287 956 2374 linguam
971 2309 1079 2352 eorum
1095 2287 1150 2373 qui
1166 2289 1292 2353 nomina

193 2387 359 2474 imponunt
383 2388 415 2452 in
441 2389 501 2453 hoc
526 2389 657 2454 fortuito
687 2390 812 2476 negotio
840 2389 885 2454 ita
914 2412 1030 2475 regere,
1056 2401 1093 2452 ut
1118 2389 1233 2454 incidat
1258 2391 1290 2454 in

192 2490 430 2577 appellationem
445 2491 614 2556 ominosam
631 2507 662 2554 et
677 2490 777 2555 futuri
792 2506 923 2555 eventus
937 2490 1081 2555 indioem.
1106 2492 1206 2556 SCH.

236 2595 309 2658 686.
329 2597 381 2657 κᾶν
395 2595 611 2678 δορίγαμβρον]
632 2595 734 2668 Quam
749 2596 857 2680 sponsi
872 2594 973 2657 armis
986 2603 1109 2679 petunt.

237 2695 311 2778 689.
334 2694 453 2780 ἑλένας]
477 2694 683 2759 Scribendum
710 2696 836 2761 ἑλέναυς
859 2717 930 2758 cum
953 2694 1150 2759 Blomfieldo.
1185 2694 1292 2763 ἑλένας

193 2794 333 2860 defendit
348 2797 527 2863 Lobeckius
541 2797 729 2884 Paralipom.
746 2820 777 2884 p.
795 2797 869 2864 228.
908 2798 959 2860 De
974 2796 1170 2884 etymologiis
1189 2797 1289 2860 nomi-

194 2920 269 2963 num
291 2901 488 2987 propriorum
510 2901 598 2988 apud
613 2900 746 2987 tragioos
762 2899 915 2964 videndus
930 2898 1099 2963 Elmsleius
1118 2900 1159 2964 ad
1175 2899 1289 2986 Eurip.

194 3002 307 3066 Baoch.
321 3003 398 3087 508.

236 3107 311 3190 690.
334 3104 425 3170 Libri
447 3106 626 3187 ἁβροτίμων.
664 3102 844 3184 ἃβροπήνων
872 3096 1048 3167 emendatio
1072 3118 1118 3167 est
1150 3102 1290 3167 Salmasii

194 3207 306 3272 Exere.
330 3229 362 3293 p.
382 3207 433 3288 78.
455 3230 484 3271 a.
506 3206 547 3270 D.
572 3227 667 3291 quam
691 3204 774 3269 tueri
792 3203 917 3269 videtur
941 3205 1101 3293 Lycophr.
1124 3204 1197 3291 863.
1223 3204 1289 3285 μήθ’

194 3307 379 3390 ίιβροπήνους
394 3306 645 3389 ἀμφιβάλλεσθαι
658 3306 802 3373 πέπλους.
842 3308 946 3393 Supra
957 3308 1175 3372 observaverat
1191 3310 1289 3372 Tzet·

193 3432 253 3487 nes,
277 3411 418 3493 γίνωσκε,
440 3407 464 3472 ὦ
489 3411 663 3491 Λυκόφρων,
687 3409 733 3473 ὅτι
755 3411 838 3475 τίνας
862 3411 918 3488 μὲν
943 3410 1040 3488 λέξεις
1061 3407 1110 3473 ἀπ’
1134 3411 1290 3491 Αἰσχύλου

194 3511 334 3579 κλέπτεις.
359 3511 534 3576 BLOMF.

235 3615 307 3699 691.
331 3612 536 3695 προκάλυμμα,
563 3613 715 3679 Velamen.
748 3614 865 3677 Januae
888 3610 1095 3676 thalamorum
1114 3609 1288 3675 obtentum.

192 3714 387 3797 προκάλυμμα
405 3714 466 3779 diei
488 3728 590 3802 potest
604 3715 697 3781 etiam
713 3715 753 3780 de
768 3714 919 3780 velamine
940 3713 1083 3802 nuptiali.
1123 3712 1192 3777 Vid.
1208 3711 1290 3777 infra

195 3817 287 3898 1178.
310 3818 487 3881 BLOMF.

235 3920 309 4003 692.
325 3920 481 4006 γίγαντος]
499 3919 639 4006 Hesych.
653 3919 797 4002 μεγάλου,
814 3923 949 4003 ἰσχυροῦ.
974 3919 1144 3982 KLAUS.

233 4022 307 4105 693.
330 4023 511 4103 πολύανδροι
533 4023 655 4103 κυναγοὶ
677 4045 736 4108 pro
753 4023 865 4086 πολλοὶ
879 4024 985 4104 ἄνδρες
1008 4021 1139 4102 κυναγοὶ.
1179 4021 1288 4106 Copioe

192 4121 377 4186 Grteoorum
400 4122 557 4209 Trojanos
579 4123 620 4187 ob
643 4139 769 4208 raptum
796 4122 928 4187 Helenae
950 4122 1032 4187 bello
1056 4138 1287 4208 persequentes,

190 4244 261 4287 cum
284 4224 486 4289 venatoribus
506 4241 580 4313 apte
604 4241 843 4314 oompamutur3
866 4240 898 4289 et
923 4224 982 4310 hac
1005 4225 1204 4288 translatione
1226 4246 1289 4288 ser-

191 4339 262 4388 vata
290 4337 385 4412 poeta
412 4346 538 4390 cursum
563 4350 670 4391 eorum
702 4327 891 4391 maritimum
921 4328 965 4390 ita
993 4325 1150 4403 describit,
1173 4340 1208 4389 ut
1236 4347 1288 4388 eos

190 4425 361 4491 secundum
378 4428 508 4516 vestigia
523 4429 661 4507 navium,
677 4429 794 4516 quibus
817 4429 941 4494 Helena
959 4443 1067 4493 avecta
1081 4427 1196 4505 fuerat,
1210 4425 1288 4489 invi-

712 4551 768 4615 313
