2984 5054
437 365 506 428 AD
528 362 930 428 AGAMEMNONEM.
1169 362 1234 426 345

184 529 580 616 160-167=168—175.

183 631 578 717 176-183=184—191.

184 748 577 818 192-204=205-217.

183 835 578 920 218—227=228-237.

184 937 577 1021 238-246=247-257·

185 1038 575 1124 160-162.et163.164.
598 1038 630 1101 in
656 1059 752 1102 unum
769 1060 891 1102 versum
912 1039 1135 1127 conjungendi,
1150 1044 1234 1129 pari-

139 1151 248 1225 terque
263 1140 295 1203 in
309 1139 516 1226 antistrophe.

184 1242 256 1305 160.
273 1242 357 1317 Ζεὺς,
373 1243 455 1309 ὅστις
468 1241 533 1306 ποτ’
550 1240 649 1326 ἐστίν]
667 1240 808 1306 Solennis
822 1241 987 1308 invocandi
1002 1243 1148 1326 formula,
1162 1269 1235 1332 quae

136 1363 243 1406 omnes
264 1342 326 1423 dei,
347 1343 404 1430 qui
424 1342 598 1421 invocatur,
620 1341 728 1406 titulos
750 1342 781 1406 in
804 1367 836 1407 se
858 1345 1119 1432 comprehendat:
1147 1347 1235 1434 quod

136 1444 257 1508 notavit
274 1447 312 1508 P.
328 1445 485 1510 Victorius
500 1446 540 1508 V.
557 1445 598 1507 L.
614 1463 662 1529 13,
680 1465 708 1512 υ.
726 1446 819 1510 Plato
834 1446 956 1534 Cratyl.
972 1470 1003 1533 p.
1017 1467 1093 1529 400.
1110 1451 1150 1514 E.
1174 1452 1234 1514 ὥσ-

137 1571 194 1624 περ
209 1549 243 1611 ἐν
256 1554 321 1614 ταῖς
335 1549 437 1631 εὐχαῖς
451 1549 540 1626 νόμος
551 1547 634 1610 ἐστὶν
644 1547 714 1625 ἡμῖν
724 1549 865 1631 εὔχεσθαι
879 1551 911 1612 οἵ
923 1549 1001 1618 τινές
1015 1576 1048 1615 τε
1063 1553 1112 1616 καὶ
1124 1553 1236 1617 ὁπόθεν

136 1649 294 1732 χαίρουσιν
316 1650 537 1729 ὀνομαζόμενοι,
560 1652 652 1711 ταῦτα
674 1649 723 1711 καὶ
743 1649 817 1727 ἡμᾶς
839 1651 943 1718 αὐτοὺς
966 1652 1048 1734 (τοὺς
1069 1654 1154 1720 θεοὺς
1175 1653 1234 1736 sc.)

140 1758 254 1825 καλεῖν,
275 1753 315 1818 ὡς
335 1753 414 1815 όλλο
436 1753 528 1831 μηδὲν
550 1751 672 1816 εἰδότας.
696 1764 728 1814 et
748 1750 780 1813 in
805 1752 941 1817 Phaedro
962 1775 994 1839 p.
1019 1770 1091 1838 273.
1115 1756 1154 1818 C.
1177 1760 1236 1837 φεῦ

137 1854 235 1920 δεινός
262 1851 291 1935 γ’
320 1853 417 1917 έοικεν
446 1851 705 1933 ἀποκεκρυμμένην
729 1851 840 1935 τέχνην
864 1855 1000 1936 ἀνευρεῖν
1029 1856 1046 1917 ό
1075 1857 1190 1933 Τισίας,
1217 1854 1237 1936 ἢ

140 1956 245 2032 ἄλλος,
261 1956 343 2020 ὅστις
358 1952 457 2032 δήποτ’
473 1952 516 2017 ὢν
530 1953 671 2036 τυγχάνει
694 1955 742 2017 καῖ
763 1956 874 2019 ὁπόθεν
890 1957 988 2038 χαίρει
1010 1956 1234 2036 ὀνομαζόμενος.

138 2056 218 2120 Ευτ.
236 2054 421 2142 Melanippa
434 2054 473 2119 sr.
489 2076 517 2119 1.
534 2055 617 2134 Ζεὺς,
632 2056 714 2122 όστις
730 2057 823 2130 ἐστὶν,
840 2058 875 2120 οὗ
893 2061 951 2139 γὰρ
966 2058 1043 2135 οῖδα,
1058 2057 1139 2136 πλὴν
1153 2060 1236 2144 λόγῳ

140 2159 259 2221 Κλόιιν.
281 2157 336 2221 ubi
350 2179 407 2221 cur
421 2158 582 2221 Pol-sonus
599 2156 651 2239 (ad
667 2158 769 2221 Orest.
785 2161 873 2240 412.)
892 2159 1007 2245 legeret
1023 2159 1107 2234 Ζεὺς,
1123 2161 1204 2228 ὅστις
1219 2163 1236 2224 ό

140 2261 225 2337 Ζεός,
243 2281 368 2322 causam
389 2259 533 2323 idoneam
556 2280 617 2322 non
638 2258 739 2322 video.
756 2260 871 2324 Bacch.
888 2279 960 2326 220.
977 2262 1139 2334 Διόνυσον,
1155 2263 1238 2330 όστις

140 2361 216 2434 ἐστὶ,
240 2362 369 2441 τιμόσας
390 2365 500 2443 χοροῖς.
524 2362 645 2423 Danaae
664 2358 702 2423 fr.
722 2380 750 2422 1.
773 2364 825 2424 τόν
848 2359 884 2434 θ’,
908 2361 944 2425 ὃν
966 2367 1112 2426 καλοῦσιν
1134 2361 1236 2442 αἰθέρ’,

141 2464 225 2531 ὅστις
236 2463 302 2526 ἐστὶ
315 2461 359 2541 δή.
384 2461 436 2525 Sic
450 2459 532 2525 enim
547 2459 727 2546 legendum.
754 2461 873 2524 Troad.
891 2462 964 2543 884.
981 2484 1001 2525 a
1015 2462 1153 2526 Victorio
1172 2462 1238 2527 lau-

139 2563 243 2642 datus,
254 2562 362 2630 Ὅστις
380 2561 446 2627 ποτ’
460 2562 491 2627 εἶ
509 2561 557 2635 σὺ,
581 2563 787 2628 δυστόπαστος
809 2562 920 2627 εἰδέναι
942 2567 1026 2631 Ζεύς.
1072 2564 1122 2629 Cf.
1147 2566 1239 2628 Stan-

139 2665 235 2730 icium
249 2682 281 2730 et
297 2663 465 2751 Spanhem.
480 2663 522 2728 ad
538 2661 661 2728 Gallim.
677 2662 772 2728 Dian.
789 2683 819 2746 7.
844 2666 1019 2730 BLOMF.

186 2770 257 2851 165.
275 2766 363 2853 Διὸς]
380 2767 442 2830 Δία
456 2764 533 2829 Ald.
552 2766 655 2828 Turn.

182 2871 210 2934 εἶ
223 2867 257 2932 τὸ
273 2870 441 2932 Porsonus.
465 2868 492 2931 εἰ
505 2869 572 2930 τόδε
586 2864 656 2930 libri
671 2880 787 2953 proeter
802 2869 844 2932 T.
861 2868 916 2953 qui
933 2870 1006 2949 εἴγε.

182 2970 242 3035 ὰπὸ
256 2991 328 3034 cum
342 2975 454 3053 βαλεῖν
466 2965 733 3054 conjungendum.

186 3074 256 3157 169.
272 3070 420 3155 παμμάχῳ
436 3068 541 3152 θρόσει
554 3068 671 3153 βρύων]
689 3067 861 3155 AEschylus
879 3083 985 3134 autem
1005 3071 1045 3134 ad
1061 3071 1187 3137 Coelum
1206 3088 1239 3138 et

141 3176 313 3239 Saturnum
327 3171 450 3248 alludit,
465 3170 552 3257 quod
566 3170 729 3234 confirmat
746 3170 914 3235 Schutzius
928 3196 967 3236 ex
984 3175 1146 3238 Prometh.
1162 3194 1237 3259 992.

141 3276 194 3342 οὐκ
208 3278 242 3339 ἐκ
255 3271 338 3338 τόνδ’
355 3275 414 3356 ἐγὼ
430 3273 563 3340 Δισσοὺς
577 3271 737 3354 τυράννους
751 3273 934 3341 ἐκπεσόντας
947 3274 1083 3361 ᾐσθόμην
1097 3305 1105 3350 ;
1130 3280 1239 3359 Τρίτον

141 3379 175 3441 δὲ
188 3376 241 3441 τὸν
256 3381 311 3440 νῦν
325 3374 507 3456 κοιρανοῦντ’
519 3375 672 3455 ἐπόψομαι
683 3375 834 3457 Αῐσχιστα
846 3376 895 3439 καὶ
908 3376 1045 3459 τάχιστα.
1063 3379 1237 3444 BLOMF.

141 3476 322 3558 S0holiasta‚
352 3479 369 3540 ὁ
398 3476 517 3557 Τυφός,
541 3489 573 3538 et
601 3474 642 3538 ad
671 3497 795 3538 versum
825 3477 1065 3562 praecedentem,
1097 3483 1145 3542 διὸ
1173 3480 1239 3546 τοὺς

139 3579 282 3649 Τιτᾶνας.

184 3696 255 3765 170.
277 3681 364 3745 οὐδὲν
385 3679 424 3743 θν
445 3679 530 3758 λέξαι
554 3679 747 3745 Schuetzius.
771 3681 858 3744 οὐδὲν
872 3681 958 3759 λέξαι
979 3680 1061 3760 libri,
1078 3681 1136 3745 nisi
1151 3681 1238 3767 quod

138 3782 227 3848 οὐδέν
240 3808 270 3847 τι
287 3782 373 3859 λέξαι
389 3782 430 3844 Τ.
448 3780 558 3867 Steph.
581 3782 669 3846 οὐδὲν
689 3781 793 3864 λέγειν
814 3797 919 3846 autem
943 3782 1096 3868 significat
1118 3784 1239 3848 nullius

137 3905 203 3949 esse
225 3884 382 3960 momenti,
403 3896 440 3945 ut
460 3904 511 3968 ap.
535 3882 648 3967 Eurip.
669 3881 779 3968 Suppl.
795 3900 870 3967 595.
895 3884 983 3965 ἁρετὴ
1004 3881 1028 3946 δ’
1045 3885 1132 3948 οὐδὲν
1153 3884 1239 3966 λέγει

137 3991 302 4068 βροτοῖσιν,
333 3986 361 4049 εί
388 3984 428 4063 μὴ
457 3982 510 4046 τὸν
538 3982 610 4047 θεὸν
639 3981 772 4069 χρῄζοντ’
804 3986 879 4067 ἔχει.
908 4009 1001 4071 quem
1033 3988 1134 4051 locum
1165 4010 1237 4051 cum

139 4087 312 4174 AEschyleo
332 4085 523 4171 comparavit
547 4086 749 4148 Hermannus
770 4086 811 4148 ad
835 4086 985 4172 Vigerum
1009 4111 1043 4175 p.
1070 4106 1144 4173 755.
1171 4090 1238 4153 οὐδὲ

138 4187 258 4267 λέξεται
271 4187 342 4268 πρὶν
356 4187 399 4250 ὧν
412 4185 544 4272 conjecit
558 4184 754 4251 Ahrensius:
778 4189 864 4272 quod
879 4211 964 4252 nunc
979 4190 1122 4274 praefero.

181 4286 239 4372 λυ]
256 4287 294 4351 ἂν
310 4288 415 4351 Turn.

184 4407 257 4471 171.
273 4387 458 4473 τριακτῆρος]
475 4387 666 4475 Metaphora
687 4412 725 4452 ex
749 4389 895 4476 palaestra
916 4390 1070 4455 desumm.
1105 4390 1238 4454 Photius

136 4505 168 4556 et
194 4489 319 4566 Suidm,
341 4495 526 4572 Τριαχθῆυαι
546 4488 691 4571 λέγουσιν
714 4492 742 4554 οῖ
764 4491 982 4578 παλαιστρικοῖ,
1009 4493 1075 4556 ἀντὶ
1099 4498 1152 4555 τοῦ
1177 4491 1239 4571 τρῖς

655 4609 680 4651 x
695 4611 717 4652 x
