2984 5054
495 380 562 441 ΑΙ)
587 381 987 447 AGAMEMNONEM.
1230 384 1295 449 375

193 543 294 620 redit;
327 547 574 632 Agamemnonis
596 563 698 613 autem
722 571 886 634 personam
915 547 1017 612 induit
1042 549 1161 628 histrio,
1184 550 1240 634 qui
1264 550 1294 614 in

193 647 252 711 hac
267 671 358 712 scena
373 650 524 735 praeoonis
538 665 642 737 partes
656 651 730 737 agit.
755 653 930 718 BLOMF.

238 753 310 834 613.
327 750 437 832 κόμπος
451 757 501 831 τῆς
516 754 656 831 ἀληθείας
670 753 786 838 γέμων]
804 756 902 818 Η1111ο
917 754 1020 818 locum
1035 754 1175 818 imitatur
1189 753 1295 817 Theo-

194 852 362 940 phylactus
385 854 496 918 Simoc.
510 855 630 919 Histor.
648 875 679 934 2,
697 858 726 921 8.
751 880 780 942 p.
796 878 838 938 40
855 858 917 922 1).:
942 859 990 921 καὶ
1006 855 1116 937 κόμπος
1130 882 1174 923 τις
1188 856 1226 935 ἢν
1243 860 1295 935 τῆς

195 957 337 1035 ἀληθείας
350 958 494 1039 χηρεύων.

238 1058 311 1119 616.
334 1055 446 1140 λόγον]
468 1059 581 1122 Veram
605 1059 766 1124 lectionem
784 1059 896 1143 λόγοις,
915 1076 950 1126 ut
964 1059 1086 1147 opinor,
1101 1061 1294 1125 conservavit

195 1153 368 1228 scholiasta,
384 1159 476 1225 οὕτως
495 1158 578 1222 εἶπεν
593 1159 731 1253 ἀκριβέσι
753 1158 857 1242 λόγοις
879 1163 927 1225 καὶ
949 1164 1139 1243 ἐξηγητικοῖς,
1156 1162 1235 1225 ὥστε
1258 1187 1294 1226 σε

193 1259 310 1334 μαθεῖν.
335 1258 508 1323 BLOMF.

237 1361 312 1440 617.
328 1359 432 1444 κήρνξ]
451 1361 658 1425 scribendum
673 1366 769 1444 κῆρυξ.

238 1462 314 1526 620.
337 1462 389 1525 οῦκ
404 1463 468 1526 ἔσθ’
483 1466 563 1531 ὅπως
577 1463 707 1548 λέξαιμι]
732 1467 783 1529 De
800 1464 1029 1529 constructione
1043 1465 1106 1528 vid.
1123 1463 1236 1527 Monk.
1252 1464 1293 1528 ad

194 1563 308 1649 Eurip.
326 1564 445 1629 Alcest.
464 1587 534 1652 113.
559 1568 770 1646 Constructio,
786 1582 822 1631 ut
838 1566 973 1644 videtur,
989 1567 1055 1631 haec
1070 1584 1136 1640 est;
1161 1569 1212 1631 οὐκ
1229 1566 1292 1630 ἔσθ’

193 1667 273 1732 ὅπως
294 1665 412 1746 λέξαιμι
432 1672 470 1732 τὰ
495 1674 592 1752 ψευδῆ
619 1673 696 1733 καλὰ
719 1672 839 1751 ᾠῦιοισι
861 1674 1045 1750 καρποῦσθαι
1068 1672 1099 1736 ἐς
1124 1669 1178 1733 τὸν
1197 1670 1294 1733 πολὺν

192 1764 314 1849 χρόνον.
351 1770 442 1833 Fieri
457 1773 564 1856 aequit
578 1779 615 1833 ut
629 1771 729 1832 dicam
739 1769 836 1853 salaa
858 1790 895 1831 ac
916 1773 1055 1855 specioso
1071 1770 1184 1854 quibua
1198 1770 1294 1831 amici

194 1867 429 1951 όὶιιῇιιαιιθιικ,
438 1871 556 1959 quippe
565 1871 651 1935 brevi
663 1886 803 1957 tempore
813 1870 944 1934 mendax
957 1870 1104 1935 inveniar.
1119 1871 1292 1934 BLOMF.

237 1974 311 2036 622.
332 1978 394 2038 πῶς
415 1971 488 2058 δῆτ’]
506 1974 662 2047 Quomodo
672 1975 754 2059 fleri
771 1983 927 2060 potestat
948 1996 1090 2037 νανναιιι
1112 1995 1196 2051 νονα,
1213 1975 1294 2038 bona

193 2073 291 2138 οἰοιοῖ
310 2079 451 2140 narres?
472 2098 607 2164 namque
628 2076 692 2139 haec
713 2097 733 2138 o
757 2085 785 2140 te
808 2076 897 2139 modo
914 2077 1074 2160 day'aocto
1081 2078 1195 2162 faisse
1213 2078 1294 2141 satia

193 2187 337 2262 apparet.
383 2179 481 2242 Recte
495 2192 599 2243 autem
617 2178 777 2256 Pauwius,
795 2187 815 2216 ‘⁶
826 2179 1000 2263 damfizlao
1015 2201 1036 2241 a
1051 2181 1136 2242 veria
1150 2199 1292 2265 separas,

180 2279 290 2362 jacite
314 2290 449 2366 apparet
471 2282 549 2368 quid
574 2281 651 2345 velis
675 2281 822 2366 nobisque
847 2282 992 2345 dicturus
1016 2282 1093 2345 aia.”
1117 2280 1291 2344 BLOMF.

195 2379 292 2444 Chori
315 2397 418 2469 partes
439 2406 496 2470 per
511 2397 608 2448 totam
623 2383 704 2446 hanc
726 2403 847 2446 scenam
863 2382 893 2445 in
909 2382 981 2445 edd.
998 2382 1108 2468 Steph.
1120 2397 1151 2445 et
1167 2383 1292 2445 Canteri

195 2483 443 2572 Clytaemnestra
458 2486 651 2551 tribuuntur.

237 2589 336 2671 τόχοις
351 2590 520 2653 Porsonus.
543 2592 633 2674 τύχης
646 2585 726 2651 libri.

236 2690 310 2774 623.
325 2693 472 2776 γίγνεται]
486 2693 600 2773 γίνεται
616 2689 666 2755 Fl.
685 2691 727 2753 T.

238 2792 311 2871 624.
334 2791 490 2878 Ἀχαϊκοῦ]
518 2791 722 2856 Scribendum
749 2789 904 2873 Ἀχαιικοῦ
929 2814 967 2855 ex
996 2791 1045 2856 ΕΙ.
1070 2792 1113 2855 Τ.
1154 2790 1225 2854 Vid.
1250 2791 1290 2855 ad

196 2894 309 2980 Eurip.
325 2896 407 2959 Hec.
424 2896 496 2980 287.

237 2997 310 3061 628.
327 2999 426 3082 ἄκρος]
446 2996 500 3060 Gl.
517 3003 640 3078 πρῶτος,
656 2995 804 3077 ἐξαίρετος
819 2995 851 3059 in
868 2996 910 3060 T.

237 3099 311 3184 633.
334 3097 510 3183 τρέφοντος]
530 3098 699 3185 Eleganter
714 3098 829 3162 dicitur
845 3098 898 3163 Sol
913 3099 1040 3162 nat-aare
1058 3096 1176 3161 telluris
1197 3114 1289 3161 natu-

195 3223 270 3265 ram.
309 3201 404 3288 Soph.
421 3201 501 3265 OEd.
526 3204 569 3265 Τ.
589 3219 681 3286 1425.
704 3200 758 3278 τὴν
779 3204 853 3282 γοῦν
874 3201 972 3264 πάντα
992 3201 1167 3278 βόσκονσαν
1186 3204 1291 3283 φλόγα

195 3303 325 3369 Αῐδεῖσθ
340 3307 466 3370 ἄνακτος
478 3302 598 3368 Ἡλίου.
624 3303 796 3367 BLOMF.

238 3408 311 3492 637.
337 3406 428 3489 χωρὶς
449 3407 467 3483 ἡ
489 3405 556 3486 τιμὴ
583 3405 670 3490 θεῶν]
696 3402 878 3480 Scholiasta,
903 3402 997 3483 ἤγουν
1020 3408 1111 3466 ταῦτα
1137 3402 1288 3485 λέγοντες,

194 3508 372 3589 ἀτιμόζομεν
392 3509 461 3575 τοὺς
483 3509 578 3575 θεούς.
617 3509 656 3572 P.
672 3505 827 3571 Victorius
846 3506 884 3568 V.
904 3506 944 3568 L.
966 3525 1016 3581 20,
1039 3523 1089 3570 22.
1112 3505 1170 3568 hoc
1196 3506 1289 3568 modo

192 3611 337 3697 exponit:
363 3609 526 3674 “liberum
543 3625 760 3695 remotumque
774 3630 840 3672 esse
854 3607 894 3670 ab
908 3606 992 3670 omni
1008 3606 1222 3693 hujuscemodi
1246 3630 1288 3684 re,

195 3715 251 3795 (sc.
268 3711 379 3776 nuntio
393 3711 481 3795 mali)
497 3713 652 3799 quidquid
674 3713 715 3777 ad
733 3713 820 3775 Deos
841 3708 987 3773 colendos
1008 3708 1170 3796 pertinet.”
1208 3712 1289 3774 Rec-

193 3813 306 3892 tiuam'
324 3837 360 3878 ea
382 3815 507 3901 quidem
533 3816 695 3891 sententia,
724 3811 890 3888 stanleia,
915 3813 1001 3898 quod
1025 3811 1104 3875 alius
1127 3812 1166 3876 sit
1190 3813 1288 3877 honos

192 3941 299 3982 eorum
324 3920 464 3983 Deorum
489 3918 544 4004 qui
569 3919 651 3981 bona
675 3916 814 3993 mittunt,
835 3915 914 3979 alius
936 3937 1042 3979 eorum
1066 3913 1121 4001 qui
1142 3913 1232 3992 mala,
1253 3929 1288 3980 ut

193 4019 346 4107 Erinyes;
370 4036 401 4085 et
417 4019 459 4083 sio
474 4020 593 4084 Heath.
640 4021 678 4082 In
701 4019 762 4082 hoc
784 4040 876 4081 sensu
892 4017 1081 4100 disjunctivo
1103 4016 1288 4104 plerumque

192 4123 320 4210 ponitur
349 4126 448 4208 χωρίς.
490 4121 636 4210 Sophocl.
661 4120 742 4185 OEd.
768 4119 837 4185 Col.
863 4120 936 4183 808.
959 4121 1050 4203 χωρὶς
1077 4121 1113 4182 τό
1141 4118 1165 4183 τ’
1193 4123 1288 4186 εἰπεῖν

192 4229 303 4301 πολλὰ,
321 4226 417 4291 καὶτὸ
433 4227 539 4307 καίρια.
562 4223 675 4310 Eurip.
693 4225 761 4286 Ion.
783 4224 872 4286 1016.
889 4226 931 4290 εἰς
946 4223 979 4288 ἓν
994 4226 1026 4288 δὲ
1041 4221 1173 4305 κραθέντ’
1187 4223 1287 4298 αὐτὸν,

192 4326 211 4408 ἣ
231 4330 331 4413 χωρὶς,
347 4332 470 4410 φορεῖς;
496 4326 665 4414 Phrynich.
690 4327 778 4411 App.
803 4325 900 4411 Soph.
915 4348 946 4411 p.
963 4342 1014 4408 72.
1029 4327 1126 4407 Χωρὶς
1144 4328 1286 4389 οἰκοῦσιν.

193 4431 258 4493 οἷον
272 4430 470 4511 ῦιεστήκασιν.
494 4431 591 4511 Χωρὶς
611 4433 667 4511 γὰρ
682 4425 792 4492 οἰκοῦσ’
809 4429 922 4509 αἱρεταὶ
943 4434 1001 4490 τῶν
1023 4429 1145 4506 ἡδονῶν.
1187 4425 1286 4488 Simo·
