2984 5054
507 367 575 432 AD
598 367 929 433 CHOEPHORAS.
1204 365 1269 434 509

164 532 293 600 Ἀπανπ’
308 536 341 600 έν
354 535 536 617 δνθριίποισι
549 531 711 615 γηράσκειν
726 533 795 614 έφν,
810 531 889 596 etin
906 543 982 596 nota
995 530 1133 595 formula
1152 533 1269 615 χαίρειν

169 636 314 719 πέφυκεν,
328 652 360 700 et
374 636 535 701 similibus.
556 678 559 684 ·
574 636 661 699 Bene
674 648 779 698 autem
795 633 971 699 observavit
985 631 1149 698 scholiasta
1162 634 1195 697 in
1210 633 1269 698 hoc

169 737 238 803 loco
265 738 470 827 hyperbolam
499 761 576 815 esse,
603 738 649 801 δτι
679 738 726 802 καὶ
749 736 802 801 τὸν
824 735 864 816 μή
887 734 1044 820 δηχθέντα,
1071 737 1153 801 δλλδ
1176 739 1270 817 μόνον

170 841 340 923 δψαμένην,
356 839 473 920 σήπει.”
496 840 673 903 BLOMF.

214 945 287 1030 996.
298 942 429 1027 καδίκον]
446 943 583 1007 κδνδίκον
599 943 648 1004 Μ.
663 940 771 1006 Guels.
788 939 866 1004 Ald.
883 940 969 1004 Rob.

215 1060 287 1129 997.
312 1046 359 1109 καὶ
381 1045 498 1108 Portus
519 1057 551 1106 et
572 1044 740 1106 Porsonus.
772 1042 827 1106 κθν
847 1041 930 1107 libri.
976 1043 1113 1106 Reotum
1135 1042 1269 1106 estsine

172 1145 269 1211 dubio
290 1147 339 1210 καὶ
360 1147 450 1228 nixo,
475 1145 544 1219 Quo
565 1148 691 1208 nomine
706 1144 761 1208 Ιιοσ
781 1145 975 1232 compellabo,
991 1154 1021 1208 et
1040 1146 1138 1208 simol
1153 1166 1175 1207 α
1196 1165 1270 1209 vero

171 1250 296 1313 nomine
317 1270 381 1312 non
401 1247 578 1311 aberrabo?
608 1245 680 1309 Vid.
703 1246 930 1332 Agam.1233.
954 1245 1068 1311 Monk.
1092 1246 1133 1310 ad
1154 1246 1268 1333 Eurip.

173 1348 274 1436 Hipp.
291 1350 363 1415 828.
386 1348 562 1413 BLOMF.
1263 1367 1267 1374 ·

215 1453 289 1537 998.
311 1451 499 1536 ποδένδντος]
517 1454 586 1525 Qno
604 1449 698 1538 pedes
715 1451 962 1515 circumdantur.
1001 1449 1130 1515 Fortius
1143 1450 1270 1514 videtur

171 1577 266 1640 quam
294 1555 432 1635 ποδήρης,
457 1553 502 1616 ad
520 1552 617 1640 pedes
641 1573 740 1639 uaqtee
759 1554 935 1640 pertinens.
973 1554 1067 1631 Mox,
1091 1556 1270 1633 ποδιστῆρας

171 1654 311 1722 πέπλους.
336 1655 511 1719 BLOMF.

215 1778 288 1844 999.
304 1756 430 1841 δροίτης]
445 1758 551 1820 Turn.
582 1756 686 1838 δροίτης
700 1757 785 1822 Rob.
802 1757 910 1844 Steph.
948 1759 1094 1844 Utraque
1115 1756 1269 1843 scriptura

171 1859 300 1923 confusa
315 1860 448 1940 δρνοίτης
463 1856 570 1922 Guell.
586 1856 665 1920 Ald.

215 1959 443 2046 κατασκήνωμα]
460 1962 729 2048 lang-omentum.
753 1961 848 2024 Eum.
861 1963 934 2048 629.
949 1984 969 2024 a
984 1960 1121 2026 Stanleio
1134 1961 1267 2038 citatum

170 2065 219 2126 Τδ
239 2064 357 2126 πλεῖστ’
370 2063 504 2142 ἀμείνον’
519 2064 662 2144 εὔφροσιν
677 2062 838 2144 δεδεγμένη
855 2065 976 2145 Δροίτη,
998 2071 1125 2146 περῶντι
1146 2069 1268 2147 λονπρδ,

172 2165 242 2228 κάπὶ
255 2162 375 2246 τέρματι
388 2168 488 2245 Φᾶρος
503 2162 739 2244 παρεσκήνησεν,
756 2167 790 2228 έν
803 2164 829 2227 δ’
844 2163 983 2246 ἀτέρμονι
994 2167 1108 2232 Κόπτει
1122 2168 1269 2247 πεδήσασ’

173 2268 266 2348 ἄνδρα
280 2265 409 2352 δαιδάλῳ
423 2263 538 2352 πέπλιρ.
562 2266 739 2330 BLOMF.
776 2268 849 2330 κατὰ
864 2266 1004 2347 σκήνωμα
1019 2267 1126 2334 Guelf.
1142 2268 1221 2333 Ald.

219 2387 312 2432 1000.
325 2369 427 2454 ἄρκυν]
445 2369 520 2450 δρην
534 2367 618 2432 Rob.

214 2470 366 2550 ποδιστήρ,
379 2470 477 2534 Pedes
486 2472 718 2555 constringens.
735 2470 872 2535 Modum
883 2482 987 2535 narrat
996 2470 1089 2535 schol.
1097 2473 1163 2538 τοὺς
1173 2471 1269 2538 πλέον

172 2579 231 2637 τῶν
251 2576 351 2637 ποδῶν
373 2570 564 2650 καθήκοντας.
602 2571 754 2658 Xenoph.
771 2572 876 2636 Anab.
893 2594 924 2659 3,
939 2594 972 2653 4,
988 2592 1039 2639 21.
1063 2573 1165 2640 νυκτὸς
1185 2577 1269 2640 ἵπποι

172 2676 268 2740 αὐτῶν
282 2673 426 2747 δέδενται,
444 2673 491 2736 καὶ
506 2673 545 2740 ὣς
559 2675 721 2738 έπιτοπολδ
734 2675 946 2754 πεποδισμένοι
961 2677 1030 2739 είσί.
1053 2676 1227 2740 BLOMF.

219 2796 310 2842 1001.
326 2780 460 2839 τοιοῦτον
475 2774 513 2838 δν
528 2776 632 2840 Turn.
650 2775 761 2862 Steph.
787 2782 902 2840 τοιοῦτο
916 2780 976 2856 μδν
992 2778 1043 2840 Μ.
1059 2777 1167 2841 Guelf.
1185 2778 1270 2845 Rob.

172 2884 287 2942 τοιοῦτο
300 2877 329 2958 μ’
346 2877 384 2942 δν
398 2874 475 2940 Ald.

215 2979 348 3062 φηλήτης
369 2976 516 3063 Scaliger.
556 2977 681 3059 φιλήπης
703 2977 784 3044 libri.
818 2979 949 3045 Hesiod.
975 2982 1039 3067 Op.
1060 2997 1135 3067 373.
1153 2980 1215 3049 *ος
1237 2983 1270 3045 δέ

108 3148 115 3161 ,
172 3084 288 3165 γυναικὶ
302 3081 437 3154 πέποιθε,
452 3078 569 3144 πέποιθ’
585 3082 639 3163 δγε
661 3081 820 3167 φηλήτησι.
844 3081 897 3144 ubi
915 3081 1008 3147 docta
1021 3083 1166 3169 quaedam
1183 3094 1271 3146 nota-

172 3184 218 3248 vit
242 3182 439 3248 Gaisfordius
462 3182 503 3246 de
531 3205 605 3247 vera
633 3182 729 3269 hujus
751 3181 835 3246 vocis
859 3182 1093 3270 orthographia.
1127 3183 1271 3271 Hesych.

173 3285 345 3365 Φηλήιησιε
369 3290 505 3370 λῃσταῖς.
544 3283 635 3348 Idem
659 3285 808 3364 Φιλήτηςι
833 3284 969 3365 κλέπτης,
987 3286 1108 3372 λῃστής.
1148 3289 1181 3350 Α
1199 3308 1272 3350 vero

172 3388 294 3452 aberrat
307 3385 568 3451 Hemsterhusius
589 3385 629 3450 ad
652 3384 775 3450 Polluc.
792 3407 824 3470 9,
844 3409 875 3472 p.
896 3404 985 3450 1120.
1002 3387 1058 3471 qni
1080 3399 1112 3451 et
1134 3385 1270 3469 φιλήπης,

171 3502 204 3554 et
225 3488 360 3572 φηλήτης
381 3487 513 3575 probat;
536 3501 568 3552 et
588 3486 669 3552 illud
693 3485 834 3573 quidem,
857 3486 944 3571 quod
969 3486 1104 3551 latrones
1128 3485 1273 3552 “osculis

172 3592 383 3677 amplexuque
410 3589 547 3677 benigno
575 3589 722 3676 deeeptos
751 3587 891 3651 homines
920 3587 1142 3653 trucidarent.”
1186 3589 1272 3654 Citat

172 3709 278 3758 autem
295 3697 420 3759 Seneeae
442 3693 544 3756 locum
561 3692 621 3778 Ep.
638 3710 692 3776 51.
713 3690 890 3774 Voluptates
903 3693 1070 3777 prceeipne
1082 3692 1228 3769 eatarba,
1242 3700 1273 3756 et

172 3798 388 3862 invisissimas
415 3795 503 3873 habe,
533 3794 693 3858 ίαθνοιιιιοι
721 3813 816 3871 more,
845 3814 923 3880 qnos
951 3793 1091 3858 Philetas
1117 3795 1274 3882 AEgyptti

173 3909 305 3964 vocarit:
335 3900 372 3960 in
400 3897 457 3961 Ιιοο
486 3917 543 3961 nos
567 3898 812 3983 amplectantur,
837 3904 873 3959 ut
893 3896 1106 3984 strangnlant.
1146 3895 1274 3960 Laudat

172 3999 245 4064 item
263 3997 433 4064 Menandri
447 3999 671 4084 fragmentum,
686 3996 732 4062 δί’
749 3999 842 4065 οίκίας
856 4004 966 4077 Φηλῶν
980 4001 1017 4083 (s.
1033 3999 1154 4082 φήλον)
1170 4001 1274 4083 γερόν-

173 4127 241 4180 των,
258 4104 297 4170 ὡς
311 4101 422 4183 λέγεις,
439 4099 624 4181 ἀβελτέρων.
648 4100 825 4164 BLOMF.
887 4141 888 4145 =

220 4223 312 4289 1003.
328 4202 466 4287 νομίζων]
482 4203 589 4282 νομίζει
605 4201 715 4266 Guelf.
732 4201 809 4267 Ald.
834 4206 946 4284 νομίζοι
961 4204 1044 4268 Rob.

220 4324 313 4386 1004.
329 4305 493 4390 θερμαίνοι]
508 4305 659 4386 θερμαίνει
674 4303 752 4368 Ald.
790 4305 1034 4392 Emendandum
1050 4305 1131 4387 θέρμ’
1147 4307 1224 4370 δνοι.

220 4422 312 4494 1005.
340 4409 440 4475 ποιθδε
467 4408 530 4494 μοι]
557 4406 764 4473 Scribendum
788 4407 879 4472 τοιάδ’
903 4409 968 4487 ἐμοὶ
990 4429 1062 4472 cnm
1087 4407 1136 4469 M.
1165 4405 1274 4470 Guelf.

174 4510 258 4576 Rob.
