2984 5054
520 360 588 422 AD
611 359 909 424 EUMENIDES.
1202 359 1267 424 527

211 526 332 611 στάσιν]
349 526 446 607 βάσιν
460 526 544 590 varia
565 525 657 591 lectio
678 526 834 613 adscripta
855 526 888 589 in
911 527 960 589 M.
983 538 1015 590 et
1036 541 1207 588 memorata
1227 522 1268 588 ab

169 629 346 717 Stephano:
370 651 443 714 quae
457 629 652 716 praeferenda
667 629 829 715 scripturae
844 629 991 714 vulgatae.

209 747 263 815 37.
288 730 385 813 τρέχω
410 732 456 816 δὲ]
480 731 626 794 Priorum
649 731 700 795 hic
722 731 888 795 verborum
912 728 1101 793 constructio
1123 727 1215 793 πάλιν
1236 727 1266 809 μ’

167 834 315 916 ἔπεμψεν,
330 856 393 897 non
408 833 549 920 proxime
564 834 825 910 antecedentium,
840 832 1052 897 continuatur.
1085 833 1109 894 J
1110 852 1159 895 am
1176 831 1266 895 scho-

167 934 270 1000 liastes
285 935 363 1000 vidit
377 934 428 1000 hic
449 935 581 999 describi
597 935 785 1022 Pythiadem
809 935 1052 1022 quadrupedum
1075 956 1160 999 more
1182 933 1265 998 inoe-

167 1035 303 1101 dentem.
349 1039 497 1102 Ceterum
521 1037 677 1102 Stanleius
698 1050 858 1124 comparat
879 1039 981 1101 locum
1005 1037 1119 1124 Eurip.
1139 1037 1266 1101 Hecub.

171 1140 263 1222 1058.
278 1138 334 1203 ubi
349 1138 545 1226 Polymestor
559 1155 732 1203 excaecatus
746 1139 906 1226 loquitur:

338 1290 516 1371 τετράποδος
529 1290 625 1371 βάσιν
639 1291 727 1372 θηρὸς
741 1289 900 1372 ὀρεστέρου

338 1392 491 1473 τιθέμενος
506 1394 554 1457 ἐπὶ
568 1399 656 1476 χεῖρα
671 1390 731 1456 κατ’
747 1395 840 1476 ἴχνος.
888 1394 990 1458 SCH.

210 1543 261 1628 38.
278 1544 365 1608 οὐδέν
379 1542 459 1607 male
474 1566 532 1630 pro
546 1541 723 1608 accusativo
741 1563 813 1606 cum
837 1545 964 1607 δείσασα
984 1542 1194 1608 construendo
1214 1565 1266 1608 ac·

167 1644 249 1730 cepit
264 1645 467 1710 Abresclrius.
499 1647 559 1709 Est
574 1644 794 1721 nominativus,
811 1661 846 1710 ut
863 1643 975 1732 Suppl.
992 1659 1064 1730 730.
1081 1645 1156 1727 γυνὴ
1170 1671 1266 1726 μονω-

168 1749 241 1812 θεῖσ’
257 1747 353 1813 οὐδέν·
374 1749 427 1812 οὐκ
441 1746 537 1812 ἔνεστ’
549 1746 651 1828 Ἀρης.
667 1762 699 1810 et
712 1747 786 1811 alibi
802 1770 863 1811 non
879 1770 959 1811 raro.
976 1748 1266 1813 WELLAUER.

211 1869 263 1934 39.
285 1853 462 1932 πολυστεφῆ
486 1849 595 1934 μυχὸν]
618 1849 773 1928 Quoniam
797 1849 941 1914 sacellum
963 1848 1122 1937 Apollinis
1144 1865 1176 1914 et
1199 1852 1266 1936 Py·

168 1950 290 2015 thiados
304 1952 406 2039 tripus
419 1951 532 2016 laureis
552 1951 671 2015 coronis
693 1966 802 2015 ornata
823 1965 922 2016 erant.
968 1950 1019 2016 Sio
1042 1952 1130 2032 δόμος
1151 1953 1268 2031 Φοίβου

168 2067 298 2119 vocatur
312 2054 464 2136 στέμμασί
475 2053 503 2138 γ’
519 2055 638 2121 ένδυτος
651 2076 702 2140 ap.
720 2053 833 2140 Eurip.
852 2055 923 2118 Ion.
941 2075 971 2117 v.
988 2073 1061 2135 224.
1085 2055 1185 2119 SCH.

211 2175 264 2236 40.
288 2158 334 2221 ἐπ’
348 2156 488 2243 ὀμφαλῷ]
507 2156 650 2244 Delphos
668 2156 701 2219 in
719 2156 893 2221 meditullio
912 2156 996 2220 orbis
1018 2170 1172 2221 terrarum
1194 2156 1269 2221 sitos

169 2255 303 2343 ideoque
317 2267 415 2322 terrae
429 2259 609 2322 umbilicum
627 2257 735 2338 dictos,
753 2258 933 2323 tralatitium
957 2273 1013 2324 est.
1060 2261 1147 2323 Loca
1168 2259 1269 2325 multa

170 2359 311 2438 Pindari,
338 2359 513 2447 Euripidis,
539 2360 670 2424 aliorum
699 2359 740 2423 de
768 2383 805 2423 ea
834 2382 868 2423 re
892 2361 1044 2445 congessit
1071 2362 1200 2424 Barnea.
1226 2362 1269 2426 ad

170 2461 284 2548 Eurip.
304 2463 374 2525 Ion.
393 2461 414 2526 l.
435 2461 454 2525 l.
501 2461 565 2526 Hic
587 2475 692 2524 autem
713 2462 799 2527 aedes
821 2483 996 2526 marmorea
1017 2462 1213 2549 intelligitur,
1236 2462 1269 2527 in

169 2563 327 2650 Apollinis
362 2564 482 2642 sacello,
510 2586 606 2651 quam
635 2562 777 2627 ferebant
809 2564 911 2651 ipsum
945 2563 1085 2629 medium
1115 2577 1268 2628 terrarum

169 2680 322 2753 punctum
345 2690 369 2731 s.
391 2682 532 2731 centrum
555 2665 703 2730 obtinere.
750 2665 800 2730 Sic
818 2668 1087 2745 Pausan.10,16‚
1103 2687 1134 2752 3.
1153 2667 1217 2731 Τὸν
1236 2669 1270 2732 δὲ

167 2770 225 2832 ὑπὸ
253 2775 385 2851 Δελφῶν
414 2771 598 2849 καλούμενον
627 2767 778 2850 ὀμφαλὸν,
805 2769 891 2832 λίθου
920 2768 1120 2848 πεποιημένον
1148 2773 1268 2844 λευκοῦ,

169 2877 255 2934 τοῦτο
278 2871 354 2936 εἶναι
376 2872 410 2936 τὸ
433 2874 467 2936 έν
487 2870 571 2958 μέσῳ
592 2874 645 2950 γῆς
659 2870 757 2948 πάσης
772 2871 856 2934 αὐτοὶ
870 2869 1015 2953 λέγουσιν
1028 2873 1058 2935 ol
1073 2874 1204 2954 Δελφοί,
1221 2873 1269 2936 καὶ

170 2975 204 3036 ἐν
219 2974 277 3053 ὧδῆ
291 2999 350 3037 τινι
364 2976 513 3054 Πίνδαρος
527 2971 733 3054 ὁμολογοῦντά
748 2981 855 3054 σφισιν
871 2974 1003 3053 ἐποίησε.
1028 2975 1128 3038 SCH.

213 3074 355 3159 θεομυσῆ]
371 3079 494 3153 θεομισῆ
509 3076 583 3139 Par.
598 3073 676 3138 Ald.
701 3079 837 3152 θεομισεῖ
850 3075 954 3140 Turn.

213 3197 266 3256 41.
291 3174 412 3259 ἔχοντα]
432 3176 532 3258 ἔχοντι
547 3176 596 3238 Μ.
612 3177 685 3238 Par.
702 3175 812 3239 Guelf.
831 3174 906 3239 Ald.
923 3177 1006 3242 Rob.
1022 3177 1108 3264 quod
1122 3177 1204 3241 inter
1217 3200 1269 3241 er·

170 3301 255 3341 rores
270 3277 479 3365 typotheticos
492 3275 599 3340 retulit
615 3276 699 3341 Rob.

213 3398 264 3456 42.
282 3381 446 3446 νεοσπαδὲς
460 3379 559 3463 ξίφος]
569 3376 788 3441 Wakefieldus
801 3378 925 3463 quaerit,
937 3379 1096 3464 quomodo
1110 3379 1142 3444 id
1154 3380 1271 3467 Pythia

170 3481 321 3567 conjicere
334 3496 388 3543 aut
406 3480 472 3545 visu
488 3478 661 3566 intelligere
682 3478 829 3567 potnerit,
845 3479 984 3565 gladium
1005 3497 1143 3545 recenter
1159 3482 1272 3568 vagina

170 3597 343 3646 extractum
360 3605 435 3646 esse.
479 3584 527 3646 At
541 3605 613 3646 cum
629 3581 749 3645 Orestis
766 3603 877 3645 manus
897 3582 1048 3667 sanguine
1070 3583 1186 3647 recenti
1208 3583 1273 3648 stil-

169 3685 281 3763 larent,
296 3683 484 3770 gladiusque
499 3683 612 3770 vagina
626 3706 745 3747 vacuus
764 3682 871 3747 itidem
894 3706 1005 3747 cruore
1026 3684 1160 3749 infectus
1181 3697 1271 3767 esset,

170 3787 281 3874 quidni
300 3785 459 3873 colligeret
480 3809 553 3851 eum
576 3787 616 3851 ab
639 3786 754 3851 recenti
776 3785 862 3850 caede
884 3786 946 3850 huc
968 3787 1154 3874 confugisse,
1178 3802 1273 3853 utne

170 3908 296 3978 tempus
317 3889 445 3976 quidem
467 3890 496 3954 ei
519 3902 699 3977 suppeteret
720 3888 862 3976 gladium
884 3888 917 3952 in
940 3888 1053 3975 vagina
1073 3889 1272 3954 recondendi.

171 3993 210 4057 Id
225 3993 311 4080 quod
326 3991 456 4080 pulchre
470 3992 614 4058 convenit
631 4015 703 4057 cum
720 3991 840 4057 Orestis
861 3992 938 4078 fuga
960 3991 993 4055 in
1014 4006 1155 4057 extrema
1170 3993 1274 4058 Choe-

170 4095 340 4180 phorarum
364 4118 462 4160 scena.
508 4094 596 4160 Nihil
617 4094 714 4182 igitur
728 4118 808 4183 opus
823 4107 869 4158 est
889 4095 1059 4177 νεοσφσγές
1077 4096 1172 4177 ξίφος,
1187 4095 1275 4182 quod

171 4195 222 4260 ille
237 4195 371 4272 volebat,
386 4220 544 4284 reponere.
570 4198 672 4262 SCH.

214 4317 267 4379 44.
284 4297 388 4362 Verba
400 4298 487 4377 λήνει
500 4302 633 4384 μεγίστῳ
647 4299 688 4362 de
702 4298 788 4363 vittis
803 4299 970 4387 praelongis
985 4312 1059 4363 sunt
1073 4297 1276 4385 intelligenda

171 4422 244 4462 cum
269 4399 438 4484 interprete
461 4399 584 4464 Gallico
607 4399 792 4465 Dutheilio:
827 4423 906 4486 quas
928 4401 1022 4465 moris
1045 4400 1141 4464 fuisse
1163 4422 1276 4465 monu-

172 4516 277 4563 menta
298 4497 419 4562 docent.
466 4500 556 4578 Vide,
579 4515 616 4564 ut
638 4501 723 4564 hunc
747 4523 846 4565 unum
867 4500 1004 4578 laudern,
1029 4502 1170 4565 Orestem
1196 4503 1278 4590 Sup-
