2984 5054
260 333 326 401 608
622 337 1000 402 ANNOTATlONES

262 496 364 559 Turn.
411 496 473 559 Sed
495 518 603 560 vereor
625 519 664 561 ue
684 497 795 562 vitium
819 497 851 562 in
873 498 1070 585 antistropho
1088 498 1193 583 potius
1214 497 1255 561 sit
1277 519 1374 583 quae-

259 597 404 677 rendum,
430 599 485 663 ubi
512 599 683 665 Klausenio
708 602 825 682 ὁμοιίαν
851 601 936 682 θέμιν
956 600 1155 667 scribendum
1181 599 1371 678 videbatur,

260 699 406 765 inusitata
421 702 545 788 tragicis
559 701 669 767 forma.

301 821 378 886 432.
400 803 596 889 πολυμίτων]
620 805 797 885 πολυμήτων
820 805 871 868 Μ.
895 805 972 870 Ald.
996 820 1026 870 et
1049 805 1149 871 codex
1173 802 1370 883 Roborlelli,

259 904 314 990 qui
330 926 369 967 ex
384 905 562 992 conjectura
576 905 675 970 edidit
688 905 894 986 πολυτιμήτων.
940 908 1093 972 Deleatur
1105 930 1234 972 comma.

301 1025 376 1091 433.
392 1008 504 1093 δόμοις]
519 1010 617 1089 δόμων
632 1007 710 1072 Ald.
732 1011 811 1094 δόμῳ
827 1010 930 1073 Turn.

301 1126 376 1192 434.
392 1108 506 1190 ὁπότερ’
524 1109 572 1194 ἂν]
589 1108 736 1191 ὁποτέραν
752 1111 802 1174 Μ.
819 1110 926 1175 Guelf.
943 1111 1021 1177 Ald.
1039 1112 1121 1176 Rob.

303 1210 416 1295 κτίσῃς]
433 1209 541 1289 muium
554 1210 633 1275 Ald.

301 1329 343 1394 43
345 1326 377 1395 5.
392 1309 476 1390 μένει
490 1334 552 1375 om.
569 1314 643 1376 Par.

298 1409 393 1492 Ἀρεί
409 1415 518 1478 κτίνειν
534 1414 691 1478 Seidlerus
705 1414 746 1478 de
762 1438 839 1479 vers.
854 1416 978 1481 dochm.
993 1441 1025 1504 p.
1040 1435 1087 1483 12.
1106 1418 1294 1499 δρεικτείνειν
1307 1419 1363 1482 Μ.

259 1513 369 1578 Guelf.
393 1515 477 1579 Rob.
507 1518 679 1597 δρεικτίνειν
700 1517 776 1581 Ald.
822 1518 875 1582 Ex
902 1521 975 1583 Pur.
1001 1521 1065 1601 ἄρει
1088 1521 1213 1584 κτείνειν
1234 1543 1274 1583 ex
1296 1520 1362 1584 Ph.

258 1626 324 1707 ὁρει
338 1611 449 1692 ‹iilum›
463 1625 602 1690 affertur.
621 1627 779 1691 ἆντιτίνειν
795 1628 899 1690 Turn.
945 1629 1076 1691 Sensum
1093 1628 1259 1693 verborum
1275 1643 1363 1693 recte

257 1728 426 1792 declaravit
452 1727 620 1806 Seidlerus,
642 1736 873 1816 utrumcunque
895 1729 1079 1807 decreveris,
1093 1731 1187 1814 filios
1213 1739 1283 1794 lues
1305 1731 1363 1795 do-

258 1853 403 1918 mumque
423 1841 512 1895 tuam
533 1831 670 1895 mauebit
690 1830 746 1894 loc
767 1839 805 1894 ut
824 1831 959 1894 similem
973 1833 1081 1897 Marti
1099 1853 1228 1916 poeuum
1253 1834 1360 1898 Ζιιατιὸ.

259 1933 340 2010 Quae
355 1932 578 1995 confirmentur
593 1930 674 2017 regis
689 1930 792 1995 verbis
807 1955 836 1995 v.
853 1952 930 2017 439.

300 2034 374 2116 438.
400 2037 484 2112 δεῦρο
507 2031 531 2096 δ’
548 2031 750 2117 ἐξοκέλλεται]
770 2034 901 2098 Sensum
918 2048 1001 2099 recte
1015 2034 1167 2122 explicuit
1181 2035 1360 2117 scholiasta,

258 2135 350 2201 οὕτως
364 2135 534 2213 ἀποβαίνει.

300 2256 376 2321 439.
392 2235 410 2316 ’l
425 2243 522 2302 τοῖσιν
535 2236 554 2318 ἢ
569 2239 645 2323 τοῖς]
665 2239 692 2301 1.
709 2262 735 2302 e.
750 2252 806 2303 eut
821 2237 880 2301 diis
894 2251 949 2302 aut
964 2237 1105 2325 AEgypti
1120 2238 1200 2302 liliis.

300 2359 376 2420 440.
392 2341 440 2404 καὶ
454 2342 647 2423 γεγόμφωται
661 2340 791 2425 σκάφος]
810 2339 972 2426 Allegoria
984 2364 1003 2404 a
1016 2362 1051 2405 re
1065 2341 1200 2405 nautica.
1242 2342 1360 2408 Postea

258 2464 288 2505 v·
304 2462 376 2528 951·
394 2443 495 2528 [ιιι]

784 2543 878 2608 Τῶνὸ’
895 2545 1047 2627 ἐφήλωται
1061 2552 1153 2628 τορῶς

515 2648 635 2728 Γόμφος
648 2646 786 2726 διαμπάξ.

258 2813 357 2877 Navis
371 2813 477 2876 itidem
494 2811 696 2876 similitudine
710 2811 741 2874 in
758 2833 791 2875 re
802 2811 895 2875 anxia
907 2835 982 2876 usus
992 2828 1038 2876 est
1051 2813 1248 2901 Polymestor
1259 2815 1356 2879 Euri-

256 2914 339 3000 pidis
361 2913 391 2976 in
417 2914 551 2978 Hecuba
573 2937 602 2976 v.
622 2933 713 2998 1079.
758 2912 948 3000 Apollonius
963 2918 1085 3002 Argon.
1109 2916 1149 2980 de
1168 2920 1260 3004 Argo
1283 2918 1355 2982 navi

256 3034 291 3099 3²
305 3034 380 3100 343·

819 3129 899 3196 ...Ἦ
915 3131 939 3196 δ’
956 3134 1002 3197 ἐνὶ
1015 3134 1144 3215 γόμφοις

427 3237 554 3318 ἴσχεται,
568 3232 606 3314 ἣν
621 3234 669 3299 καὶ
683 3238 778 3299 πᾶσαι
793 3235 992 3316 ἐπιβρίσωσιν
1006 3236 1124 3299 ὁελλαι.

256 3386 415 3474 Distingui
431 3386 547 3460 malim,

685 3549 771 3562 —
785 3515 978 3594 γεγόμφωται
993 3512 1118 3594 σκάφος,

425 3616 608 3698 Στρέβλαισι
624 3620 808 3678 ναυτικαῖσιν
822 3614 860 3678 ὣς
874 3612 1092 3694 προσηγμένον.

253 3764 293 3829 Id
313 3779 371 3842 est,
386 3765 465 3829 adeo
486 3764 526 3827 ab
548 3762 630 3826 omni
655 3776 743 3848 parte
766 3761 960 3846 constringor
982 3774 1014 3824 et
1035 3776 1185 3839 coarctor,
1201 3774 1352 3847 tunquam

251 3867 339 3931 navis
359 3865 469 3930 adacta
490 3880 521 3929 et
544 3864 639 3950 ligata
660 3863 767 3926 cuneis
788 3877 820 3926 et
841 3861 948 3941 clavis,
965 3877 1001 3926 ut
1017 3884 1082 3948 quo
1098 3884 1147 3925 me
1162 3876 1280 3926 vertam
1296 3887 1352 3927 ne-

251 3967 355 4030 sciam.
401 3967 599 4052 Hesychius:
629 3965 782 4044 Στρέβλαι
804 3967 946 4028 ναυτικαί·
968 3967 1007 4028 τὸ
1027 3961 1106 4041 ξύλα
1128 3968 1187 4027 τῶν
1208 3970 1294 4039 νεῶν,
1318 3967 1354 4030 έν

249 4069 294 4134 οἶς
307 4071 542 4148 διασφηνοῦνται
556 4067 761 4149 γομφούμενα.
806 4065 895 4151 Lege
909 4067 1125 4149 γομφούμεναι,
1142 4066 1269 4131 named
1286 4071 1355 4147 νῆες

248 4167 447 4235 referendum
463 4183 519 4230 est.
546 4166 714 4231 STANL.

290 4290 365 4356 443.
381 4268 545 4353 χρήμασιν]
563 4266 722 4350 χρημάτων
735 4265 929 4353 adscriptum
945 4267 977 4330 in
994 4267 1111 4333 scholio
1125 4268 1190 4332 sive
1205 4283 1240 4332 ut
1255 4270 1355 4356 expli.

246 4373 329 4438 catio
343 4374 406 4437 sive
422 4385 458 4435 ut
473 4372 556 4435 veria
577 4368 687 4434 lectio:
712 4381 807 4453 atque
830 4368 862 4432 id
885 4368 988 4455 ipsum
1011 4369 1182 4435 necessario
1202 4393 1261 4458 pro
1282 4370 1355 4454 χρή-

246 4502 338 4555 μασιν
355 4471 580 4540 restitucndum
597 4493 668 4536 cum
686 4472 823 4535 Aurum.
