2984 5054
544 355 613 420 AD
636 354 968 423 CHOEPHORAS.
1244 359 1303 426 461

247 523 323 608 36ι.
344 523 540 605 πεισίβροτόν
562 524 721 590 Pauwius.
747 528 965 610 πεισίμβροτον
984 525 1089 614 vulgo.
1113 532 1135 567 “
1148 529 1305 610 πεισίβρο·

203 645 267 701 τοο,
293 625 358 689 Cui
382 625 522 692 homines
543 649 661 714 parere
682 628 789 693 solent.
825 628 970 710 βάκτρον,
995 638 1152 715 sceptrum
1175 630 1304 716 regale:

203 723 269 790 vid.
284 726 418 791 Homer.
435 725 527 792 Iliad.
542 734 580 794 Α.
596 746 669 816 237.
686 732 803 817 Agam.
818 750 887 816 195.
907 732 1005 814 χθάνα
1017 729 1158 812 βάκτροις
1172 731 1305 813 έπικροά·

204 826 514 911 σανταεἈτρείδαε.”
536 832 714 897 BLOMF.

245 931 322 1014 362.
335 929 467 1016 Τροίας]
483 931 608 1016 Τροίοιτ
622 934 836 999 Hermannus
879 938 902 972 “
917 933 1040 997 Locum
1055 949 1138 999 recte
1152 933 1305 1000 intellexit

202 1029 367 1098 scholiasta
374 1058 385 1114 3
407 1040 581 1116 percussis
594 1035 664 1100 οὐδὲ
677 1037 770 1122 τούτῳ
784 1034 951 1116 ἀρέσκεται,
964 1035 1046 1099 tnta
1058 1038 1133 1115 μηδὲ
1143 1036 1198 1115 τὴν
1208 1037 1305 1121 ἀρχὴν

203 1133 380 1220 ἀηιρῆσθαι,
405 1134 426 1200 i.
450 1159 479 1200 e.
502 1136 631 1202 Electra
655 1159 739 1215 vero,
767 1135 853 1200 velut
877 1135 1004 1214 femina,
1027 1159 1067 1201 ne
1090 1136 1150 1201 hoc
1174 1137 1303 1224 quidem

203 1235 324 1301 Orestis
337 1251 446 1302 votum
460 1241 585 1326 probat,
601 1237 715 1302 scilicet
729 1253 765 1302 ut
779 1248 870 1325 pater
888 1239 961 1302 olim
984 1253 1056 1304 ante
1079 1238 1209 1325 Trojam
1231 1262 1300 1304 suc·

202 1337 382 1415 cubuisset;
406 1339 461 1405 sed
476 1341 582 1428 potius
594 1340 655 1404 hoc
669 1339 728 1404 sibi
748 1339 937 1425 placiturum
955 1339 1050 1405 fuisse
1064 1339 1150 1417 dicit,
1166 1339 1191 1404 si
1213 1355 1303 1426 pater

202 1439 330 1505 omnino
343 1441 480 1507 intactus
492 1441 648 1520 evasisset,
659 1440 871 1505 interfectores
885 1455 991 1505 autem
1005 1441 1093 1528 prius
1106 1440 1299 1517 interissent3

203 1555 240 1606 ut
250 1541 363 1622 fatum,
375 1543 464 1631 quod
475 1558 606 1608 mortem
621 1542 659 1606 iis
672 1541 823 1619 intulerit,
835 1565 853 1604 e
863 1540 1035 1630 longinquo
1048 1541 1171 1629 aliquis,
1187 1542 1299 1607 harum

202 1645 415 1712 calamitatum
436 1669 560 1734 expers,
573 1645 772 1711 audivisset.”
794 1645 970 1711 BLOMF.
1013 1645 1224 1710 Continuatur
1241 1644 1301 1711 hac

201 1746 332 1835 stropha
345 1748 466 1814 Orestis
479 1748 579 1813 oratio
593 1747 634 1812 ab
648 1747 745 1813 choro
758 1745 962 1833 interpellata.

243 1851 319 1935 364.
334 1851 451 1934 τείχεσι
465 1849 634 1915 Heathius.
656 1849 794 1933 τείχεσσι
808 1848 889 1913 libri.

242 1955 319 2037 365.
333 1952 451 2036 ἀλλον]
470 1953 556 2037 ἀλλιρ
573 1951 740 2016 Stanleius.

243 2052 404 2138 δορικμῆτι]
420 2052 626 2117 scribendum
642 2057 807 2135 δουρικμῆτι
821 2076 893 2118 cum
908 2052 1106 2119 BlomfieldO.

242 2155 320 2238 366.
345 2153 490 2240 τέθοφαι]
515 2153 720 2219 Scribendum
745 2154 893 2236 τεθάφθω
913 2177 986 2220 cum
1010 2155 1169 2220 Ahrensio
1192 2178 1224 2243 p.
1248 2159 1298 2224 16.

200 2255 278 2319 Post
293 2254 353 2319 hoc
367 2255 499 2321 verbum
511 2278 632 2320 comma
649 2267 793 2340 ponatur.

242 2358 318 2441 368.
347 2357 411 2444 νιν]
441 2359 579 2423 Notatur
608 2357 757 2421 transitus
781 2355 822 2420 ab
850 2355 986 2422 secunda
1010 2378 1142 2442 persona
1164 2355 1205 2420 ad
1234 2371 1296 2421 ter·

199 2456 273 2521 dam

241 2561 315 2644 369.
339 2563 427 2625 Ante
449 2563 659 2644 θανατηφόρον
680 2558 796 2624 excidit
818 2558 1003 2624 vocabulum
1026 2582 1099 2623 cum
1121 2559 1296 2646 praeceden-

198 2661 283 2726 tibus
298 2661 460 2727 infinitivis
474 2662 695 2749 conjunctum:
720 2661 805 2749 qnod
822 2661 998 2727 notavimus
1008 2661 1050 2726 ad
1062 2685 1093 2725 v.
1105 2681 1179 2748 350.
1193 2661 1295 2728 Schol.

198 2768 343 2844 δαμῆναιε
366 2764 513 2828 λείπειτὸ
528 2766 660 2846 ὤφελον·
683 2766 740 2847 πρὸ
755 2771 807 2828 τοῦ
822 2767 984 2829 ἀποθανεῖν
998 2765 1052 2828 τδν
1065 2764 1188 2846 πατέρα.

239 2883 315 2949 370.
330 2865 468 2950 πράσσω]
485 2865 690 2930 scribendum
707 2869 809 2948 πρόσω
824 2889 895 2932 cum
912 2867 1110 2931 Hermanno.

241 2967 318 3052 τινὰ]
334 2967 476 3032 Pertinet
490 2967 529 3031 ad
547 2968 704 3032 Electram
720 2983 751 3032 et
768 2971 919 3033 Orestem.
945 2969 1045 3033 SCH.

238 3084 314 3152 372.
333 3070 494 3149 κρείσσονα
512 3068 642 3154 χρυσοῦ]
658 3070 837 3134 Aristotelis
852 3072 974 3157 Hymn.
990 3069 1020 3132 in
1038 3070 1202 3147 Hermian,
1218 3077 1296 3149 Χρυ-

195 3174 251 3232 σοῢ
266 3194 299 3233 τε
314 3169 431 3250 κρέσσω
448 3170 496 3233 καὶ
509 3169 634 3252 γονέων.
658 3172 803 3236 Catullus
817 3193 889 3256 105,
905 3191 936 3256 3.
950 3174 1098 3260 nobisque
1119 3174 1297 3237 laccarius

194 3292 285 3335 ουπο.
309 3270 429 3334 Tibull.
445 3291 474 3348 1,
491 3272 520 3335 8.
538 3274 655 3336 Carior
669 3284 716 3337 est
736 3275 974 3359 αυτορύυυτιίο,
989 3276 1042 3337 cui
1063 3275 1146 3337 levio
1153 3274 1296 3362 ιβτιίρζοτιί

198 3376 276 3437 Oro.
308 3374 435 3437 Sanun.
482 3374 665 3460 Comparari
690 3389 792 3461 potest
818 3374 934 3438 locutio
959 3373 1161 3460 proverbialis
1184 3374 1296 3456 χρυσὸς

195 3477 274 3554 δόξει
292 3475 377 3552 εἶναι,
392 3497 510 3539 aarum
531 3476 689 3539 videditur
703 3497 774 3562 prae
787 3476 863 3538 aliis
876 3476 978 3539 οιαῖιῗο.
996 3475 1108 3559 Eurip.
1125 3478 1205 3538 Tro.
1219 3495 1294 3560 432.

193 3574 252 3643 Ὡς
272 3576 386 3658 χρυσὸς
407 3578 484 3662 αὐτῷ
505 3578 584 3657 τάμὰ
606 3579 652 3640 καὶ
673 3583 801 3660 Φρυγῶν
815 3579 891 3640 κοκά
906 3578 997 3656 Δόξει
1011 3576 1075 3640 ποτ’
1092 3576 1176 3639 εἶναι.
1222 3575 1294 3639 Vid.

195 3677 415 3742 Hemsterhus.
430 3679 470 3741 ad
487 3678 619 3742 Lucian.
638 3680 790 3766 Necyom.
804 3700 831 3742 1.
847 3701 879 3764 p.
895 3680 968 3760 460.
993 3677 1165 3741 BLOMF.

235 3798 310 3866 373.
339 3778 542 3861 ’Ὑπερβόρεος
570 3781 658 3864 τάχη]
691 3782 742 3845 De
767 3780 913 3844 felicitate
937 3778 1216 3867 Hyperboreorum
1247 3802 1296 3844 res

193 3896 276 3945 nota.
323 3880 517 3967 Pomponius
533 3880 621 3945 Mela
634 3901 669 3966 3,
683 3900 716 3966 5.
738 3884 876 3947 Diutius
893 3905 986 3969 quam
1001 3884 1059 3947 atti
1073 3884 1251 3946 mortalium
1267 3892 1297 3947 ct

193 3983 314 4046 beotius
329 3985 453 4047 vivum.
477 3983 528 4047 Cf.
545 3982 677 4048 Gesneri
695 3983 735 4047 de
757 3984 1008 4070 navigationibus
1029 3999 1119 4049 extra
1137 3984 1296 4050 columnas

195 4084 343 4148 Herculis
369 4084 514 4149 Praelect.
539 4105 569 4151 2.
595 4086 627 4149 in
653 4087 793 4173 ejusdem
818 4088 963 4175 Orphicis
988 4110 1020 4174 p.
1042 4089 1117 4170 467.
1149 4089 1295 4152 Scnnrz.

193 4188 475 4274 Hyperboreorum
502 4186 681 4252 felicitatem
707 4188 849 4275 depingit
873 4190 1030 4254 Pindarus
1053 4190 1149 4278 Pyth.
1169 4211 1219 4270 10,
1239 4207 1296 4275 57.

194 4295 301 4354 Μοῖσα
314 4287 338 4352 δ’
355 4289 408 4353 οὔκ
425 4289 595 4374 ἀποδαμεῖ]
615 4293 732 4370 τρόποις
753 4293 802 4354 ἐπὶ
820 4291 1005 4374 σφετέροισι·
1029 4291 1135 4386 πάυΙτα
1157 4292 1190 4356 δὲ
1211 4291 1297 4373 χοροὶ

193 4391 351 4472 παρθένων
370 4391 376 4476 Ι
395 4396 489 4472 λυρᾶν
503 4417 535 4456 τε
549 4391 623 4471 βοαὶ
638 4394 769 4476 καναχαί
781 4392 808 4454 τ’
825 4395 926 4458 αὐλῶν
941 4393 1104 4458 δονέονται·
1124 4393 1130 4478 Ι
1149 4392 1249 4475 δάφνᾳ
1263 4416 1296 4456 τε

191 4492 307 4577 χρυσέᾳ
328 4491 443 4579 κόμας]
461 4493 665 4575 ἀναδήσαντες
687 4493 939 4574 είλαπινάΙζουσιν
954 4494 1117 4576 εὐφράνας.
1137 4490 1144 4578 Ι
1162 4494 1248 4557 νόσοι
1270 4474 1295 4555 δ’
