2984 5054
485 365 552 426 AD
576 363 874 429 EUMENIDES.
1166 362 1231 427 575

132 527 235 594 Schol.
261 530 410 618 Thucyd.
439 551 466 608 1,
489 535 557 599 126.
582 538 641 596 τῶν
663 539 782 612 σεμνῶν
802 537 888 609 θεῶν,
911 536 970 594 τῶν
991 528 1144 612 Ἐρινύων,
1171 531 1233 595 κατ’

132 633 323 714 άντίφρασιν·
347 634 382 700 δς
395 636 470 713 μετδ
482 635 536 699 τὸν
545 633 695 717 Ὀρέστην
710 638 739 699 ot
748 636 903 715 Ἀθηναῖοι
912 633 1044 712 πλησίον
1055 637 1107 694 τοῦ
1116 633 1234 714 Ἀρείου

131 736 230 817 πάγον
252 737 419 817 ἱδρύσαντο.
457 736 588 824 Ulpian.
604 737 636 800 in
653 737 827 800 comment.
843 734 884 799 ad
908 735 996 799 Orat.
1014 732 1178 797 Demosth.
1201 732 1233 795 in

132 835 286 900 Midiam:
318 840 360 901 ὧν
383 839 632 918 (Eumenidum)
659 839 707 904 καὶ
733 839 767 902 τὸ
794 837 874 920 ἱερὸν
902 840 1033 915 πλησίον
1060 837 1158 918 ίδρντο
1183 839 1234 913 τῆς

132 943 256 1019 βουλῆς.
302 940 427 1005 Diserte
442 940 614 1030 Euripides
628 941 746 1006 Electr.
762 956 853 1022 1271.

263 1041 363 1122 πάγον
376 1045 445 1126 παρ’
461 1045 551 1109 αὐτὸν
565 1045 671 1127 χάσμα
684 1044 825 1108 δύσονται
839 1041 959 1125 χθονὸς.

262 1146 376 1225 σεμνὸν
389 1153 547 1228 βροτοῖσιν
561 1148 686 1227 εὐσεβὲς
698 1145 888 1230 χρηστήριον.

135 1245 302 1311 STANL.
326 1247 480 1312 Deleatur
493 1271 614 1313 comma
628 1264 700 1336 post
717 1248 882 1330 ὠγυγίοισι.

180 1365 272 1433 1037.
290 1352 338 1414 καὶ
351 1351 458 1436 τιμαῖς]
476 1353 524 1416 καὶ
539 1365 622 1416 recte
638 1350 721 1415 delet
736 1351 949 1413 Hermannus.

175 1453 353 1532 replemur
375 1454 425 1517 vel
446 1452 621 1535 περισίπται
644 1453 694 1516 Μ.
710 1453 784 1516 Per.
817 1452 982 1533 περίσεπτα
1002 1449 1111 1514 Guelf.
1128 1451 1233 1515 Turn.

132 1551 297 1638 περισίπτη
319 1554 404 1619 Rob.
438 1555 505 1637 περὶ
522 1557 619 1619 σεπτδ
639 1553 716 1618 Ald.
754 1555 909 1631 Mettum,
924 1553 1010 1640 quod
1032 1568 1233 1640 exaequatum

132 1675 198 1718 esse
223 1653 317 1719 debet
343 1655 444 1721 versui
478 1675 572 1742 1034,
601 1655 788 1721 vocabulum
817 1657 957 1743 postulat
981 1657 1075 1742 quale
1098 1655 1235 1722 restituit

135 1759 350 1836 Hermannus,
363 1758 564 1842 πνρισέπτορι.

176 1861 253 1945 τύχᾳ
266 1859 350 1924 Rob.
381 1862 472 1944 τύχας
486 1859 563 1927 Ald.
595 1863 699 1946 τύχαις
714 1862 819 1926 Turn.
843 1862 932 1944 τύχαι
946 1861 996 1925 Μ.
1012 1862 1086 1925 Par.
1102 1860 1212 1925 Guelf.

180 1980 273 2047 1039.
289 1962 453 2048 πανδαμεί]
470 1962 676 2029 scribendum
691 1965 824 2043 πανδομί
836 1985 877 2027 ex
892 1963 942 2027 M.
959 1960 1067 2027 Guelf.
1082 1961 1160 2028 Ald.

181 2081 273 2144 1040.
291 2065 472 2148 εύθύφρονες
486 2065 539 2151 γᾷ]
555 2068 655 2131 Recte
670 2068 874 2131 Hermanuue
887 2066 951 2148 τᾷδ’
966 2066 1111 2149 εὔφρονες
1124 2067 1176 2150 γᾷ.

183 2183 274 2243 1041.
289 2165 471 2252 πυριδάπτῳ]
487 2168 631 2232 Mettum
645 2167 784 2256 postulat
799 2169 856 2233 σὺν
869 2166 1049 2252 πυριδάπτῳ,
1060 2168 1147 2253 quod
1162 2190 1234 2233 eou-

130 2264 207 2352 jeeit
223 2264 436 2331 Hermunnus.

180 2386 272 2450 1042.
301 2367 446 2453 λαμπάδι]
477 2371 649 2456 Exspectes
678 2371 783 2459 potius
812 2369 985 2457 spondeum
1021 2382 1057 2434 ut
1082 2394 1115 2433 v.
1141 2373 1233 2453 1046.

135 2469 348 2539 Quamobrem
370 2468 474 2556 λάμπᾳ
488 2471 621 2558 conjecit
636 2473 850 2550 Hermannus,
867 2494 940 2559 quae
962 2483 1065 2537 tumen
1089 2495 1151 2537 non
1174 2474 1235 2537 usi-

136 2584 200 2635 tata
213 2571 315 2636 forma
328 2587 384 2637 est.

182 2693 273 2756 1044.
290 2674 433 2760 ἔνδαιδες]
449 2676 532 2741 ἔνδαι
546 2673 570 2740 δ’
587 2677 620 2742 ἐς
633 2673 711 2740 Ald.
727 2676 832 2740 Turn.
862 2675 983 2761 ἔνδρδες
998 2675 1084 2740 Rob.
1114 2679 1235 2762 ἔνδᾷδες

137 2778 350 2842 Hermannus.
388 2780 427 2843 V.
446 2776 587 2844 Lobeck.
607 2776 738 2864 Paralip.
751 2778 895 2844 Gramm.
911 2779 970 2842 Gr.
988 2800 1018 2865 p.
1036 2798 1104 2864 143.

180 2879 333 2946 Deleatur
346 2896 500 2968 punctum
516 2896 587 2969 post
601 2884 690 2948 οἶκον
703 2895 902 2969 ponaturque
916 2893 988 2968 post
1002 2883 1115 2950 δστοῖς.

183 2999 275 3067 1045.
297 2985 418 3048 ἀστοῖσι
441 2983 527 3070 Ζεὺς]
555 2983 762 3050 scribendum
785 2985 897 3052 δοτοῖς·
921 2984 998 3052 Ζεὺς
1016 2985 1033 3048 δ
1054 3006 1126 3049 cum
1148 2987 1234 3049 Her-

138 3107 262 3148 manno.

180 3184 344 3271 πανύπτας]
381 3185 550 3254 παντόπτας
578 3188 629 3252 Μ.
659 3185 742 3250 Βοδ.
789 3185 941 3250 Deleatur
975 3202 1129 3274 puuctum
1163 3203 1234 3276 post

137 3313 299 3355 πανθπῗᾱς.
