2984 5054
429 372 498 436 AD
520 372 923 436 AGAMEMNONEM.
1163 372 1229 436 383

128 535 177 599 καὶ
194 538 232 622 τῆ
246 539 383 619 χαίροντι
397 537 577 622 ξυγχαύρειν.
595 540 769 604 BLOMF.
804 538 922 603 Stobaei
936 539 1099 603 lectionem
1115 539 1229 627 probat

130 637 336 702 Hermaunus
350 639 453 703 deleto
467 641 526 704 καί.

173 741 391 827 ὁμοιοπρεπεῖς]
414 742 558 806 Similem
578 739 710 828 speciem
725 764 800 828 prae
817 762 851 805 ee
858 742 1014 826 ferentes.
1050 741 1141 807 Idem
1164 741 1229 808 fere

129 839 213 905 valet
228 856 322 928 atque
337 846 589 926 δμοιοπρύσωπος.
606 845 781 909 BLOMF.
806 843 1000 908 Vocabulum
1013 846 1053 909 ab
1064 846 1227 934 AEschylo‚

130 956 167 1007 ut
182 944 318 1024 videtur,
332 945 506 1025 inventum,
522 962 558 1011 ut
572 947 774 1029 λενκοπρετής
788 948 874 1034 Sept.
892 971 921 1010 v.
939 948 989 1031 89.

174 1063 249 1130 794.
264 1047 421 1129 ἀγέλαστα
441 1051 587 1131 πρόσωπα
608 1074 647 1114 ex
669 1050 729 1114 hoc
749 1049 818 1113 loco
831 1047 937 1113 attulit
951 1047 1173 1136 grammaticus
1195 1049 1227 1114 in

131 1146 268 1212 Bekkeri
291 1149 416 1214 Anecd.
432 1173 465 1236 p.
482 1155 558 1236 336,
572 1171 625 1236 30.
644 1151 744 1215 “Hic
765 1165 872 1238 aperte
893 1150 1007 1214 chorus
1020 1149 1226 1234 Clytaemnes-

131 1263 210 1313 tram
232 1250 312 1337 figit,
334 1251 425 1337 cujus
446 1252 550 1317 fictam
572 1277 590 1317 e
613 1253 715 1318 reditu
735 1252 982 1339 Agamemnonis
1002 1251 1140 1316 laetitiam
1158 1253 1227 1340 jam

130 1366 318 1437 cognoverat
343 1368 508 1440 spectator,
532 1368 564 1418 et
588 1354 683 1442 paulo
707 1369 777 1441 post
801 1355 901 1441 magis
926 1354 1019 1419 etiem
1044 1355 1227 1442 cogniturus

130 1454 226 1517 erat.”
249 1455 348 1517 SCH.

173 1555 356 1641 βιαζόμενοι]
373 1556 539 1622 Notandus
550 1557 664 1636 hiatus,
681 1580 741 1621 non
758 1557 887 1621 vitiosus
900 1556 931 1620 in
946 1557 1008 1621 fine
1024 1559 1192 1623 sententiae.

176 1673 249 1742 795.
274 1660 547 1740 προβατογνώμων,
571 1658 645 1745 quia
672 1681 726 1723 rex
754 1652 825 1723 cunr
851 1673 987 1746 pastore,
1012 1659 1129 1724 subditi
1152 1659 1246 1724 cum'

129 1757 241 1823 ovibus
262 1776 493 1846 comparantur,
509 1775 555 1826 est
575 1759 673 1846 isqui
693 1763 811 1825 civium
832 1764 966 1850 ingenia
984 1771 1014 1827 el
1030 1784 1131 1828 moret
1152 1765 1227 1828 benc

130 1862 324 1925 iutemoacit.
349 1862 450 1927 SCH.

175 1965 247 2048 796.
263 1963 416 2030 Deleatur
429 1988 550 2030 comma
564 1981 635 2053 post
650 1970 748 2050 φωτός
761 1967 910 2054 positum.

176 2067 249 2149 798.
270 2066 386 2148 ὑδαρὴς,
402 2068 495 2154 Aqua
516 2069 646 2133 dilutus.
683 2069 834 2156 Diphilus
848 2070 965 2135 Athen.
986 2090 1034 2135 10.
1049 2094 1081 2157 p.
1094 2089 1168 2152 424.
1184 2072 1225 2136 F.

132 2167 241 2251 ἔγχεον
255 2168 293 2232 οὑ
308 2169 344 2248 δὴ
357 2175 446 2233 πιεῖν.
479 2171 684 2252 Εὑζωρύπερόν
705 2197 751 2252 γε,
772 2172 886 2251 νῆΔίζ
904 2171 927 2236 ὦ
948 2178 1012 2248 παῖ,
1034 2175 1092 2240 δός·
1115 2173 1150 2236 τὸ
1168 2176 1226 2254 γδρ

130 2267 253 2351 ‘Thapis
274 2268 355 2334 ἅπαν
368 2269 445 2334 τοῦτ’
461 2272 526 2334 ἐστὶ
546 2276 581 2352 τῆ
600 2275 685 2356 ψνχῆ
703 2276 803 2339 κακόν.
837 2275 969 2338 Aristot.
987 2273 1058 2337 Pol.
1075 2292 1104 2339 2.
1120 2276 1227 2356 φιλίαν

130 2374 231 2453 ὑδαρῆ,
244 2386 280 2437 ut
291 2372 463 2460 AEschylus
476 2377 568 2455 ὑδαρῆ
582 2377 729 2456 φιλότητα
743 2378 914 2439 amicitiam
927 2398 990 2440 αοιι
1001 2397 1119 2462 puram
1129 2396 1228 2462 ueqaae

130 2496 260 2538 ιννναια.
298 2476 380 2539 Haec
398 2476 519 2541 notavit
534 2478 571 2540 P.
589 2477 705 2540 Victor.
721 2478 759 2541 V.
777 2477 816 2541 L.
835 2498 864 2555 1,
887 2496 897 2540 ι
903 2497 934 2562 3.
974 2479 1088 2540 Vocem
1111 2476 1228 2562 pariter

131 2575 281 2663 explicuit
297 2578 473 2642 Casaubon.
488 2578 529 2642 ad
545 2578 708 2665 Theophr.
728 2601 760 2665 p.
774 2597 845 2663 245.
861 2577 994 2644 Aristot.
1010 2581 1100 2642 Poet.
1116 2577 1156 2642 ad
1172 2579 1227 2643 lin.

130 2683 225 2756 μὺθον
248 2680 341 2761 ὑδαρῆ
364 2694 456 2744 vocat
477 2679 616 2745 fabulam
642 2680 820 2767 languidam
846 2703 882 2745 ac
905 2680 1056 2753 dilutam
1085 2679 1139 2745 ubi
1164 2680 1227 2745 vid.

133 2778 301 2866 Tyrwhitt.
320 2780 512 2869 Lycophron
533 2781 745 2847 Chalcidensis
766 2806 817 2870 ap.
835 2783 956 2847 Athen.
975 2804 1022 2847 10.
1046 2806 1078 2870 p.
1095 2801 1169 2863 420.
1188 2786 1228 2848 B.

133 2882 285 2964 κνλίχνιον
298 2882 414 2964 tuapte.
452 2884 650 2971 Antiphanes
664 2908 696 2972 p.
713 2905 788 2967 441.
805 2887 843 2949 C.
859 2883 920 2950 οὑύ
936 2888 1050 2967 ὑδαρὲς,
1066 2884 1125 2951 οὔτ’
1141 2887 1230 2967 ἄκρα-

132 3006 193 3046 τον.
217 2983 392 3048 BLOMF.

176 3084 252 3148 800.
272 3089 330 3169 γδρ
353 3087 510 3172 ἐπικεύσω]
533 3089 632 3151 Metri
650 3088 761 3153 vitium
783 3089 919 3153 correxit
941 3089 1157 3175 Musgravius,
1172 3090 1229 3171 γάρ

134 3185 161 3249 α’
177 3189 333 3252 ἐπικεύσω.
355 3191 413 3269 γὰρ
429 3190 581 3272 ἐπικρύψω
598 3192 756 3255 Pauwius.

177 3290 248 3354 801.
263 3289 557 3376 ἀπομούσως-οὐδ’]
575 3289 744 3372 ἀπόμουσός
758 3290 889 3355 π’-οὑτ’
907 3289 1077 3354 Elmsleius
1098 3291 1138 3354 ad
1157 3293 1227 3356 Eu·

132 3390 192 3477 rip.
207 3390 296 3455 Med.
312 3408 384 3455 102.

178 3493 249 3577 803.
265 3495 407 3558 ὑκοὺσιον
422 3494 586 3558 Cauterus.
610 3496 745 3559 ἑκούσιον
760 3492 840 3558 libri.
864 3493 974 3575 θάρσος
990 3494 1125 3556 ἑκούσιον
1142 3493 1185 3555 Τ.

176 3595 249 3674 804.
272 3594 397 3676 ἀνδράσι
419 3597 480 3680 Ora]
506 3596 649 3677 ἀνδράσιν
664 3597 696 3660 εὑ
712 3601 757 3660 θν.
773 3597 816 3659 Τ.
841 3617 879 3657 ne
898 3616 1006 3657 versus
1027 3609 1107 3657 esset
1128 3615 1229 3680 paroe·

132 3696 259 3761 miacus.
299 3696 391 3761 Conf.
407 3695 447 3759 ad
464 3719 492 3760 v.
509 3697 580 3779 789.
598 3698 671 3761 806.

176 3800 253 3862 Post
268 3799 393 3878 κομίζων
406 3797 495 3863 colon
510 3814 656 3886 ponatur.

176 3900 251 3964 806.
280 3924 323 3967 τις
347 3913 394 3963 est
419 3900 452 3963 in
478 3902 520 3964 T.
547 3915 578 3964 et
605 3900 713 3988 Steph.
743 3923 781 3964 ex
812 3898 1048 3986 interpolatione
1075 3896 1229 3961 Triclinii.

134 4005 233 4068 Recte
246 4003 336 4068 abest
350 4002 392 4068 ab
407 4002 459 4068 Fl.

178 4109 295 4189 εὑφρων
315 4105 419 4192 πόνος]
441 4104 533 4173 πόνος
557 4106 597 4170 de
622 4106 781 4171 laboribus
799 4105 927 4184 bellicis,
948 4104 1064 4191 quibus
1082 4104 1149 4190 jam
1172 4102 1229 4167 de-

133 4208 232 4272 functi
247 4223 336 4273 erant
348 4207 461 4272 milites
475 4208 564 4294 capio
576 4234 585 4282 3
609 4224 641 4275 et
654 4209 714 4274 hoc
725 4208 819 4273 modo
830 4208 1035 4293 interpretor:
1060 4204 1144 4271 Olim
1160 4203 1230 4290 qui-

133 4309 216 4387 dem,
231 4332 302 4374 cum
323 4308 440 4373 bellum
464 4310 662 4396 suscipiebas,
678 4311 836 4397 ingratum
858 4307 936 4372 illud
959 4306 1121 4385 militibus,
1137 4321 1231 4391 teque

134 4411 206 4475 ideo
226 4411 359 4475 invisum
380 4410 418 4474 iis
441 4410 538 4474 fuisse
562 4412 779 4485 meminimus3
802 4433 888 4475 nunc
903 4431 976 4474 vero
1000 4407 1150 4472 militibus
1171 4404 1231 4468 hoc
