2984 5054
497 367 564 429 ΑΙ)
588 365 992 431 AGAMEMNONEM.
1230 357 1295 423 366

220 530 309 614 387.
337 532 410 597 ἀκοςΙ
429 531 461 595 δὲ
484 529 688 616 παμμόταιον]
714 530 895 619 Respicitur
916 529 1029 617 partim
1051 528 1093 593 nd
1114 527 1239 592 divitias
1261 544 1292 592 et

192 651 268 718 opes
287 631 329 695 cs.
352 655 381 695 v.
403 632 478 717 382.
504 634 618 721 partim
645 633 686 697 ad
712 634 829 698 hostias
854 647 884 697 et
911 654 1018 720 preces
1044 630 1119 695 nihil
1142 631 1291 695 adversus

192 729 351 798 interitum
368 735 567 823 profuturas:
591 737 631 801 cf.
647 759 678 802 v.
694 739 770 822 396.
797 737 899 801 SCH.

234 834 434 924 παμμάταιον]
451 837 657 903 Scribendum
671 843 732 903 πᾶν
745 838 873 919 μόταιον
887 859 959 902 cum
976 837 1172 924 Musgravio.

194 941 439 1105 ΒὲχτΜχρίβῳ]
465 938 588 1005 Dubito
604 962 644 1004 an
664 938 832 1028 legendum
854 940 894 1006 eit
915 945 1015 1025 τριβᾷ.
1061 942 1099 1004 V.
1117 938 1201 1004 adv.
1217 953 1287 1022 197.

234 1167 269 1208 τε
282 1165 345 1207 om.
361 1142 413 1208 1²1.

236 1252 424 1328 προσβολαῖς
439 1248 624 1311 Pearsonus.
648 1253 815 1328 προβολαῖς
827 1247 911 1312 libri.

235 1367 310 1433 392.
332 1347 542 1435 μελαμπηγής]
563 1350 626 1414 Cui
647 1351 764 1436 nigror
785 1359 945 1415 ιοτιοτιίιις
966 1359 1022 1415 est.
1066 1344 1117 1413 De
1139 1348 1290 1434 sanguine

193 1450 322 1538 ponitur
342 1450 446 1515 Theb.
463 1469 537 1537 734
559 1451 742 1516 Αόιιίῖοτῖτιῖ
764 1454 839 1516 <erin
863 1454 978 1530 ῖτιιίατ,
1000 1453 1118 1515 attritu
1139 1460 1169 1515 et
1193 1447 1295 1523 ultim·

193 1553 387 1641 exploratus,
403 1563 511 1616 atmm
524 1574 558 1617 κε
567 1554 689 1641 prodit.
705 1554 851 1618 διαιταν.
875 1553 978 1640 Atqui
994 1558 1084 1619 κακοῦ
1097 1560 1212 1638 χαλκοῦ
1227 1576 1290 1618 non

193 1654 234 1719 de
246 1656 425 1720 adedterino
440 1655 644 1743 mancipio,
658 1654 712 1718 sed
728 1655 908 1742 simpliciter
922 1654 963 1719 de
981 1676 1046 1721 cere
1061 1654 1148 1742 quod
1164 1655 1225 1719 vile
1243 1670 1291 1719 ent

194 1779 260 1844 prae
273 1779 360 1822 auro.
385 1756 546 1844 Loquitur
560 1757 599 1821 de
613 1780 676 1821 aere
690 1756 776 1842 quod
791 1780 869 1821 auro
882 1755 1057 1823 admixtum
1068 1770 1125 1822 est.
1144 1757 1291 1844 Theogn.

194 1880 270 1945 415.
291 1858 396 1925 Οὐδέν
412 1862 517 1940 ὁμοῖον
532 1862 597 1940 ἐμοὶ
617 1861 742 1939 δύναμαι
757 1860 905 1939 διζήμενος
919 1863 1016 1942 εὑρεῖν
1031 1862 1148 1924 Πιστὸν
1163 1861 1290 1942 ἑταῖρον,

195 1960 252 2047 ότῳ
273 1961 378 2041 μήτις
400 1962 499 2026 ἔνεστι
521 1964 618 2028 δόλος.
660 1960 713 2029 Ἐς
734 1961 873 2042 βάσανον
896 1961 920 2027 δ’
945 1964 1043 2027 ἐλθὸν
1061 1964 1291 2045 παρατρίβομαι,

196 2064 274 2128 ώοτε
294 2065 431 2149 μολίβδῳ
453 2066 581 2145 Χρυσός.
615 2062 668 2128 Cf.
689 2064 804 2152 Eurip.
821 2065 910 2129 Med.
926 2069 1000 2151 516.
1035 2063 1219 2151 Bacchylid.
1240 2087 1291 2151 ap.

197 2166 284 2230 Stob.
298 2186 348 2229 11.
363 2189 394 2252 p.
408 2169 479 2250 136.
496 2168 589 2231 Λνὸία
602 2168 659 2246 μὸν
673 2170 731 2249 γὰρ
750 2170 836 2234 λίθος
856 2171 962 2248 μανόει
982 2169 1107 2251 χρυσόν·
1129 2169 1244 2249 ἀνδρῶν
1266 2165 1290 2230 δ’

196 2270 305 2350 ἀρετὸν
326 2271 441 2350 σοφίαν
464 2294 499 2333 τε
519 2268 690 2351 παγκρατὴς
715 2270 829 2348 ἀλήθει’
852 2270 984 2353 ἐλέγχει.
1030 2271 1081 2333 Sic
1109 2269 1290 2356 legendum.

197 2370 351 2436 Herodot.
368 2386 399 2454 7,
414 2392 465 2438 10.
486 2373 587 2453 ὥσπερ
608 2373 663 2435 τὸν
684 2372 799 2454 χρυσὸν
819 2372 873 2436 τὸν
895 2372 1053 2454 ἀκήρατον,
1067 2373 1159 2436 αὐτὸν
1175 2374 1231 2451 μὲν
1247 2371 1291 2436 ἐπ’

197 2478 306 2540 ἑωῦτοΰ
326 2476 362 2540 οὐ
382 2477 647 2558 διαγιγνώσκομεν,
663 2477 755 2539 ἐπεὸν
773 2477 806 2539 δὲ
825 2478 1060 2556 παρατρίψωμεν
1074 2476 1159 2558 ἄλλῳ
1180 2477 1292 2558 χρυσῷ,

196 2580 451 2660 διαγιγνώσκομεν
471 2576 525 2643 τὸν
546 2579 666 2659 ἀμείνω.
701 2576 773 2641 vid.
788 2575 916 2640 Pindar.
935 2575 1294 2660 Pyth·10‚105.Creu·

197 2702 257 2743 zer.
272 2679 312 2743 ad
330 2678 445 2744 Plotin.
460 2679 501 2744 de
517 2679 622 2744 Pulcr.
638 2701 677 2766 p.
690 2683 761 2762 267.
786 2677 991 2764 Musgravius
1010 2676 1084 2741 citat
1108 2677 1292 2763 Sophoclem

197 2804 249 2868 ap.
277 2781 437 2845 Plutarch.
461 2805 491 2869 p.
510 2784 605 2867 2069.
628 2783 725 2845 H.St.
750 2777 868 2860 Λόμπει
893 2783 951 2862 γὰρ
970 2782 1004 2843 ἓν
1026 2781 1174 2863 χρείαισιν
1194 2781 1295 2862 ὥσπερ

199 2883 320 2965 εὖγενὸς
347 2883 479 2957 Χαλκὸς,
505 2885 604 2969 χρόνῳ
628 2881 651 2946 δ’
677 2884 814 2964 ἀργῆσαν
838 2882 951 2961 ἤμυσεν
974 2882 1091 2963 στέγος.
1117 2883 1292 2947 BLOMF.

200 2986 280 3050 Haec
293 2984 409 3062 omnia,
423 3006 625 3070 quamquam,
641 2998 677 3047 ut
692 2983 862 3070 superiora,
875 2983 1018 3047 universe
1032 2983 1124 3062 dicta,
1138 2985 1180 3049 sic
1192 2999 1294 3049 tamen

199 3085 411 3164 enuntiantur,
427 3099 462 3150 ut
483 3085 612 3173 propius
631 3084 671 3149 ad
689 3084 812 3148 Paridis
826 3107 989 3172 personam
1012 3086 1295 3150 accommodentur.

202 3189 302 3253 SCH.

242 3310 316 3375 394.
338 3292 435 3355 διώκει
456 3297 526 3358 παῖς
548 3291 583 3376 (i.
599 3315 625 3355 e.
649 3293 687 3358 ὣς
708 3291 793 3372 ταῖς)
812 3291 943 3355 ποτανὸν
957 3293 1054 3374 όρνιν]
1072 3293 1125 3354 De
1141 3290 1296 3354 Helenae

203 3387 314 3451 Paride
342 3402 441 3475 rapta.
487 3389 572 3466 Quin
599 3390 791 3476 proverbiale
816 3405 861 3453 est
886 3394 923 3453 τὸ
951 3392 1101 3469 πετόμενα
1129 3392 1253 3463 διώκειν,
1278 3413 1298 3453 α

202 3490 332 3554 Platone
351 3504 535 3576 usurpatum
559 3490 590 3554 in
614 3492 797 3579 Euthyphr.
814 3514 846 3577 p.
861 3513 892 3569 4.
918 3494 949 3554 τί
969 3491 1023 3569 δίς
1046 3492 1210 3570 πετόμενόν
1230 3516 1298 3555 τινα

201 3596 332 3666 διώκειςς
371 3593 504 3659 Aristot.
529 3595 673 3682 Metaph.
695 3615 726 3680 3.
752 3599 790 3658 τὸ
814 3596 963 3674 πετόμενα
988 3597 1111 3666 διώκειν,
1138 3594 1178 3657 de
1204 3595 1297 3658 rebus

201 3695 339 3760 obscuris
353 3710 385 3760 et
406 3719 485 3782 quas
507 3697 725 3761 difficillimum
745 3698 785 3761 sit
806 3697 1025 3784 pervestigare.
1054 3696 1179 3760 Persius
1194 3717 1227 3781 3,
1244 3699 1295 3760 61.

201 3799 253 3861 An
269 3800 393 3885 passim
411 3803 549 3887 sequeris
570 3822 678 3865 corvos
700 3809 818 3864 tantave
839 3801 942 3863 lutove
953 3801 1124 3885 tlHomer.
1141 3798 1180 3863 Il.
1197 3806 1229 3876 P,
1248 3817 1296 3885 75.

200 3902 244 3965 Σὺ
263 3902 320 3981 μὲν
341 3904 398 3965 ὧδε
420 3901 507 3975 θέεις,
531 3903 657 3984 ἀκίχητα
678 3904 797 3966 διώκων.
834 3901 904 3965 Vid.
922 3903 1059 3988 Duport.
1076 3901 1106 3964 in
1123 3902 1153 3964 h.
1170 3903 1191 3964 l.
1220 3905 1298 3966 Pro·

199 4002 285 4066 verb.
299 4002 473 4066 Salomonis
486 4022 536 4082 10,
547 4025 578 4084 4.
595 4006 658 4077 Qut
668 4005 788 4066 nititur
803 4003 982 4081 mendaciis,
998 4004 1049 4067 δῖα
1058 4006 1167 4090 pascit
1182 4015 1299 4082 ventos,

200 4104 280 4167 idem
296 4112 401 4169 autem
415 4106 483 4191 ῖροσ
496 4106 639 4191 sequitur
649 4125 723 4167 ανις
738 4105 887 4168 volantes.
905 4105 1067 4169 STANL.
1091 4108 1297 4172 Proverbium

200 4204 264 4270 vid.
280 4205 378 4270 Clem.
392 4205 487 4271 Alex.
506 4208 622 4270 Strom.
638 4230 672 4292 p.
685 4224 760 4290 317.
777 4207 817 4269 B.
851 4207 964 4293 Eurip.
977 4230 1028 4293 ap.
1041 4208 1129 4272 Stob.
1143 4228 1213 4275 ην.
1229 4237 1299 4290 πηγ

202 4310 254 4374 νὸς
267 4310 390 4382 διώκεις,
407 4306 430 4370 ὦ
445 4307 559 4380 τίκνον,
576 4311 629 4374 τὸς
644 4308 775 4374 ἐλπίδας.
799 4309 976 4374 MUSGR.

244 4410 375 4473 ποτανὸν
391 4409 585 4474 Schuetzius.
609 4410 724 4473 πτανὸν
740 4409 845 4496 vulgo.
870 4414 984 4476 πτανόν
1000 4411 1052 4476 τιν’
1070 4413 1112 4475 Τ.

244 4531 318 4598 395.
336 4512 444 4597 ἐνθείς]
460 4512 522 4579 θείς
536 4511 587 4585 Fl.
664 4549 665 4552 ¹

715 4631 802 4681 ΖΗ
