2984 5054
277 338 344 402 540
639 336 1017 401 ANNOTATIONES

279 502 383 569 Oresti
397 500 578 567 inhaerentis
596 516 702 566 retusa
723 518 755 566 et
778 502 924 567 hebetata
944 516 1011 567 erat
1032 500 1173 589 piaculis.
1218 499 1399 566 Audacius

277 621 382 670 autem
397 603 464 691 ipse
478 605 621 684 ἀλάστωρ
635 603 752 668 dicitur
766 605 895 683 άμβλάς.
919 605 970 669 SC
975 605 1020 667 H.

322 727 395 791 245.
410 707 511 792 αὐτοῦ]
527 707 634 770 καύτοῦ
650 706 846 771 Schuetzius.

320 809 473 895 ἀναμένω]
495 811 632 889 ἀναμενῶ
661 810 827 875 Stanleius.
872 806 1079 873 Scrihendum
1104 805 1225 886 ἆμμέυα
1251 805 1300 869 rel
1329 807 1393 886 άμ-

276 937 367 994 μευω.

320 1032 392 1095 244.
415 1013 537 1099 τέκμαρ]
558 1016 681 1101 Nempe
702 1012 895 1078 Eumenides
916 1011 1042 1097 fingunt
1064 1033 1096 1073 se
1118 1024 1269 1097 tanquam
1292 1033 1394 1077 canes

276 1115 432 1179 renatioas
448 1117 592 1179 Orestem
607 1115 714 1179 matris
731 1115 883 1200 sanguiue
902 1114 1059 1178 imbutum
1083 1129 1114 1177 et
1136 1113 1390 1179 contaminatum

276 1214 373 1300 hujus
399 1218 558 1304 sanguinis
580 1218 678 1283 odore
700 1217 899 1304 investigare,
922 1239 987 1302 quo
1011 1214 1141 1302 vestigia
1162 1237 1295 1300 quoque
1316 1215 1394 1301 ejus

277 1316 393 1381 infecta
408 1317 552 1382 sentiant.
578 1320 676 1383 SCH.

324 1434 398 1504 245.
417 1424 580 1501 μηνυτῆρος
601 1420 773 1503 ἀφθέγκτου
794 1425 922 1503 φραδαῖς
944 1419 1098 1507 siguificat
1119 1418 1202 1505 ipsas
1223 1416 1292 1482 illas
1313 1440 1394 1482 sana

277 1520 382 1607 guinis
397 1536 486 1585 notas
501 1520 532 1584 in
550 1523 670 1586 Orestis
684 1522 823 1609 vestigiis
840 1522 1013 1609 impressas,
1030 1535 1134 1585 mutas
1155 1519 1284 1606 quidem
1306 1518 1392 1599 illas,

278 1622 332 1686 sed
349 1638 452 1686 tamen
469 1625 562 1702 viam,
576 1647 641 1711 qua
654 1625 826 1711 aufugerit,
840 1623 922 1689 clare
936 1623 1010 1688 satis
1023 1623 1205 1687 indicantes.
1230 1622 1330 1686 SCH.

323 1727 395 1805 246.
411 1725 523 1806 νεβρὸν
540 1726 648 1813 steph.
671 1727 778 1808 νεκρὸν
792 1727 844 1790 Μ.
860 1726 969 1791 Gueis.
985 1723 1063 1790 Aid.
1080 1724 1166 1789 Rob.
1182 1725 1286 1789 Turn.

323 1846 396 1908 247.
418 1829 492 1909 πρὸς
513 1829 586 1907 αῐμα
608 1829 657 1892 καὶ
678 1829 870 1914 σταλαγμὸν]
886 1827 909 1893 i.
922 1852 951 1892 e.
968 1828 1041 1910 πρὸς
1055 1829 1179 1908 αἵματος
1193 1827 1386 1908 σταλαγμόν.

272 1929 383 2023 ΙΑἱιιαῑ
408 1929 490 1992 enim
518 1953 550 1993 se
578 1930 698 1995 Orestis
724 1931 856 2017 vestigia
881 1953 920 1994 ex
950 1929 1081 1993 materni
1112 1928 1273 2015 sanguinis
1301 1928 1390 1993 uotis

278 2031 386 2097 eodem
411 2031 505 2095 modo
526 2031 709 2118 intelligere,
731 2056 796 2119 quo
821 2032 906 2096 carris
928 2031 1059 2118 vestigia
1080 2029 1204 2095 hinnuli
1229 2029 1391 2102 vulnerati

278 2156 318 2201 ex
340 2133 436 2198 odore
456 2149 620 2220 guttarum
643 2134 815 2221 sanguinis,
831 2158 903 2220 quae
924 2133 956 2198 in
980 2149 1094 2198 terram
1114 2132 1292 2211 ceciderint,
1309 2156 1387 2220 cog-

280 2251 394 2301 noseat.
420 2238 521 2302 SCH.

322 2340 555 2426 ἑκμαοτεύομεν]
575 2339 780 2404 Scribendum
798 2340 1005 2420 ἐκματεύομεν.

323 2443 396 2520 248.
419 2447 513 2526 φυσιᾷ
533 2442 731 2532 σπλάγχνου]
748 2441 907 2507 Anhelure
922 2465 955 2506 ae
968 2456 1148 2528 queruntur
1161 2440 1256 2527 longo
1270 2441 1389 2507 itinere·

280 2542 375 2607 fessas
389 2545 607 2631 fatigatusque.
634 2546 734 2610 SCH.

322 2645 409 2708 οὐδὲν
431 2645 542 2727 ὑστέρα
568 2647 652 2731 υεάς]
676 2649 749 2710 Νοη
774 2645 916 2709 universe
937 2644 977 2708 de
999 2644 1132 2708 navibus
1154 2644 1291 2716 dictum;
1324 2646 1381 2710 sed

279 2744 471 2831 significatur
492 2747 579 2811 navis
600 2770 665 2833 qua
679 2749 807 2811 Orestes
828 2747 869 2810 ad
885 2746 1030 2810 Athenas
1051 2745 1216 2833 appulerat
1225 2771 1235 2822 ;
1257 2769 1326 2817 eam
1346 2771 1383 2811 se

278 2847 368 2911 aiunt
382 2847 576 2912 Eumenides
590 2848 745 2912 celeritate
759 2872 816 2912 sua
828 2864 1045 2934 consequutus.
1070 2851 1170 2914 SCH.

324 2967 394 3032 252.
425 2951 628 3035 καταπτακών]
658 2953 847 3018 καταπτακὼς
875 2951 1103 3038 interpolarunt
1130 2955 1234 3016 Turn.
1265 2954 1379 3040 steph.

279 3050 336 3114 Ad
350 3050 435 3116 hunc
451 3053 556 3116 looum
578 3052 740 3117 reserenda
761 3053 891 3118 fortasse
911 3052 1015 3140 glossa
1037 3055 1201 3141 Hesychii‚
1224 3064 1377 3120 καταπλα-

280 3155 354 3217 κάντ
379 3154 575 3235 καταπλήξας.
615 3156 820 3221 Scribendum
835 3158 1043 3221 καταπτακῶντ
1069 3156 1263 3237 καταπτήξας.
1288 3182 1379 3224 κατα,

279 3256 390 3337 πτήξας
405 3257 536 3346 conjecit
551 3258 730 3323 Lobeckius
746 3257 884 3346 Paralip.
900 3282 930 3345 p.
946 3278 1022 3343 541.

324 3378 396 3443 254.
422 3378 494 3447 255.
516 3362 696 3448 pariterque
719 3364 792 3446 256.
816 3379 889 3445 257.
915 3362 946 3425 iu
974 3384 1071 3426 uuum
1099 3384 1222 3427 versum
1250 3362 1383 3448 eonjun-

278 3461 385 3550 geudi,
399 3464 439 3544 μὴ
454 3463 494 3528 ad
511 3487 634 3528 versum
650 3464 783 3551 priorem
800 3465 906 3528 relato.

322 3583 393 3652 254.
408 3569 463 3648 ὅρα
478 3567 545 3651 ὅρα]
560 3567 616 3648 ῥέα
629 3568 686 3648 άρα
701 3566 779 3630 Ald.
798 3568 901 3630 Turn.

325 3684 397 3755 255.
421 3671 588 3734 λεύοσετον
610 3668 694 3732 Rob.
719 3668 828 3752 Steph.
851 3667 1019 3731 λευσσετὸν
1043 3668 1118 3748 (hoc
1139 3672 1285 3752 accentu)
1300 3667 1381 3732 Ald.

280 3776 393 3835 λεῦσσε
416 3771 469 3835 τὸν
493 3770 599 3834 Guelf.
625 3771 731 3834 Turn.
764 3771 911 3834 λεύσσετε
937 3769 1165 3834 Wakefieldus.
1198 3768 1311 3834 λεῦσσέ
1334 3795 1382 3834 τοι

282 3870 477 3947 Schuetaius‚
493 3887 576 3937 reate
590 3878 714 3951 λεῦσσε,
726 3871 806 3940 male
821 3894 896 3937 vero
908 3898 963 3945 τοι,
980 3895 1038 3958 pru
1052 3895 1117 3960 quo
1131 3899 1164 3939 τε
1179 3871 1382 3938 scribendum

280 3994 353 4037 oum
370 3974 564 4037 Hermanno.

326 4091 344 4137 2
345 4075 398 4159 56.
414 4074 527 4159 φύγδα]
542 4073 661 4156 φυγάδα
678 4075 755 4139 Ald.
771 4076 876 4139 Turn.

326 4193 398 4260 257.
415 4178 432 4239 ά
447 4188 530 4240 recte
544 4175 659 4240 delevit
675 4179 888 4242 Hermannus.

326 4279 399 4364 258.
415 4277 474 4364 ὅδ’]
491 4277 696 4343 Scribendum
713 4282 729 4343 ά
745 4278 769 4343 δ’
785 4302 856 4344 cum
873 4279 999 4345 Bothio.

325 4383 395 4449 αὖτε
412 4386 485 4465 γοῦν
500 4381 584 4447 Rob.
607 4379 678 4445 αὖτέ
691 4380 719 4464 γ’
735 4383 788 4447 οὖν
803 4383 853 4447 Μ.
871 4384 943 4447 Par.
961 4382 1070 4447 Guelf.
1086 4382 1165 4447 Ald.
1182 4384 1285 4447 Turn.
1309 4383 1383 4447 αὖτέ

281 4485 309 4569 γ’
323 4487 376 4554 οὐκ
392 4485 503 4575 Steph.
549 4483 754 4551 scribendum
770 4486 840 4551 αὖτέ
854 4485 882 4569 γ’
898 4509 970 4552 cum
987 4489 1181 4567 Hermnmm,
1197 4484 1301 4553 deleto
1314 4486 1383 4559 οὖν,
