2984 5054
186 331 251 394 372
546 336 923 400 ANNOTATIONES

231 514 305 597 558.
329 516 490 602 λαχόντες]
509 518 714 583 Casaubonus
736 520 879 607 intelligit
899 521 939 584 de
953 523 1093 587 excubiis
1115 523 1292 589 sortiendis.

192 617 346 682 κλαίοντες
362 618 528 684 Stanleius.
553 623 728 685 BLOMF.

231 734 304 800 559.
331 719 433 804 δηίων]
453 722 657 789 scribendum
673 723 772 788 δαίων.
803 725 885 792 δόϊος
899 740 930 789 et
951 728 1033 794 νόϊος
1055 727 1202 792 dixerunt
1226 745 1292 793 tra·

188 818 260 902 gici,
276 843 336 884 non
353 822 433 901 δήίος
452 840 484 889 et
499 827 587 906 νήϊος.

232 923 305 1005 560.
321 927 391 1009 γὰρ]
413 928 618 993 Scribendum
634 933 667 994 δὲ
681 953 753 994 cum
770 933 937 995 Pearsono.

232 1027 401 1113 λειμώνιαι]
417 1035 576 1111 λειμωνίας
592 1032 787 1108 Schuetzius,
802 1031 928 1095 frustra.

233 1129 307 1210 561.
346 1131 565 1216 κατεψάκαζον]
606 1134 806 1198 scribebatur
844 1134 1059 1215 κατεψέκαζον,
1092 1134 1193 1197 forma
1229 1158 1291 1200 non

192 1229 310 1292 Attico.

235 1331 362 1411 ἔμπεδον
406 1337 489 1401 σίνος
528 1336 717 1423 ἐσθημάτων]
763 1339 900 1401 Vestibus
942 1336 1125 1401 inlioerendo
1167 1361 1292 1404 nocens.

191 1434 368 1498 BLOMF.

232 1539 306 1621 562.
329 1535 475 1622 τιθέντες]
499 1538 617 1602 Νοιςπῑ
640 1539 755 1604 tirones
776 1542 906 1608 τιθέντες
928 1539 1125 1626 participium
1148 1543 1292 1607 masculi·

190 1662 278 1716 num,
294 1661 365 1703 cum
390 1642 503 1721 δρόσοι,
527 1641 651 1705 nomine
672 1642 832 1720 feminino,
856 1641 1024 1728 conjungi;
1048 1642 1140 1727 cujus
1161 1645 1290 1731 quidem

189 1741 350 1805 anomaliae
365 1741 477 1806 dubito
491 1765 530 1806 on
546 1743 630 1808 aliud
647 1746 826 1831 exemplum
840 1744 927 1829 apud
941 1760 1049 1830 poetas
1064 1743 1189 1809 Atticos
1203 1769 1292 1833 repe-

188 1844 297 1921 riatur,
320 1844 376 1906 nisi
398 1844 438 1906 de
460 1845 670 1911 animantibus
692 1869 792 1910 sermo
814 1845 864 1923 sit,
889 1845 977 1909 utin
1001 1845 1075 1909 locis
1098 1869 1116 1908 a
1140 1848 1290 1914 Matthiae

189 1946 290 2010 citatis
306 1947 363 2008 Gr.
382 1947 441 2008 Gr.
459 1950 488 2030 δ.
504 1951 579 2032 436,
598 1968 626 2015 2.
650 1950 823 2013 BLOMF.

232 2049 364 2127 ένθηρος,
389 2047 501 2111 Ferus.
529 2051 700 2135 Hiepz'dus.
736 2051 880 2138 Sophocl.
904 2051 987 2114 Phil.
1009 2052 1082 2136 698.
1104 2051 1290 2132 θερμοτόταν

189 2150 298 2230 αδμάδα
312 2148 488 2227 κηκιομέναν
503 2150 615 2214 ἑλκέων
630 2153 754 2235 ένθήρου
769 2156 867 2220 ποδός.
900 2154 951 2217 Sic
967 2152 1041 2217 Liv.
1060 2171 1110 2230 21,
1128 2173 1181 2238 39.
1196 2176 1291 2240 oqua-

188 2252 255 2315 lido
277 2261 307 2315 et
324 2273 426 2337 prope
447 2252 574 2317 efferata
595 2275 737 2341 corporo.
775 2255 969 2320 Abreschius
991 2254 1123 2319 contulit
1142 2255 1289 2342 Sophocl.

188 2354 280 2439 Ajnc.
301 2373 393 2440 1230.
409 2361 505 2435 κεῖμαι
520 2353 544 2420 δ’
562 2357 720 2438 ἆμέριμνος
734 2361 825 2423 οὕτως
840 2358 887 2422 ἀεὶ
900 2363 1035 2424 πυκιναῖς
1050 2358 1169 2438 δρόσοις
1182 2359 1290 2438 τεγγό-

187 2484 277 2538 μενος
300 2459 390 2536 κόμας
411 2463 522 2540 λυγρᾶς
546 2458 682 2538 μνόματα
707 2461 825 2540 Τροίας.
871 2459 958 2522 Ηὶοο
983 2457 1139 2522 Pindarus
1166 2456 1290 2542 pluvias

187 2559 346 2623 horrorem
360 2558 544 2623 incutientes
558 2559 638 2623 dixit
654 2563 840 2642 φρίσσοντας
854 2562 994 2642 ὄμβρους.
1018 2560 1193 2623 BLOMF.

231 2663 305 2745 565.
320 2666 536 2741 μεσημβριναῖς
550 2659 675 2746 κοίταις]
693 2661 855 2746 Significat
870 2659 1098 2724 meridiationes
1109 2660 1226 2747 quibus
1241 2661 1288 2725 uti

189 2777 307 2826 veteres
322 2761 481 2834 solebant3
505 2761 591 2846 quod
607 2761 686 2826 bene
700 2762 818 2826 notavit
835 2761 1038 2826 Abreschius.
1066 2759 1191 2825 callim.
1207 2763 1287 2826 Lav.

189 2863 269 2928 Patr.
286 2883 337 2946 72.
354 2866 537 2944 μεσαμερινᾶ
552 2861 575 2926 δ’
592 2863 647 2947 εἶχ’
663 2866 731 2946 ὄρος
752 2866 873 2948 ἁσυχία.
918 2864 990 2928 Vid.
1009 2863 1171 2929 Theocrit.
1190 2884 1218 2939 1,
1237 2881 1288 2950 15,

192 2983 240 3049 17.
265 2981 294 3047 7,
313 2984 362 3030 22.
377 2966 526 3047 Σιμιχίδα,
541 2968 584 3048 πᾷ
599 2967 680 3044 birni
693 2966 872 3048 μεσαμέριος
893 2969 986 3033 πόδας
1009 2968 1106 3035 ἕλκεις
1124 2965 1231 3031 Ἀνίκα
1252 2966 1288 3045 δὴ

190 3070 236 3132 καὶ
250 3073 361 3149 σαῦρος
376 3069 410 3131 έν
426 3069 593 3146 αἱμασιαῖσι
608 3071 749 3132 καθεύδει.
795 3069 932 3132 Pontum
948 3068 1084 3132 dormire
1096 3067 1171 3132 dicit
1187 3067 1288 3132 Simo-

188 3170 251 3234 nid.
274 3193 324 3256 op.
348 3169 444 3232 Dion.
469 3168 546 3233 Hal.
567 3195 598 3233 π.
623 3174 707 3233 σννθ.
728 3191 760 3255 p.
783 3170 856 3254 258.
881 3172 1033 3249 κελοίμαν,
1058 3169 1134 3242 εὗδε,
1159 3167 1287 3251 βρέφος,

189 3271 295 3335 εὑδέτω
316 3273 349 3335 δὲ
371 3273 488 3343 πόντος,
507 3271 613 3334 εὑδέτω
628 3273 755 3352 ἄμετρον
771 3275 870 3336 κακόν.
909 3273 991 3336 Lex.
1008 3271 1147 3358 Seguier.
1164 3293 1195 3357 p.
1209 3289 1286 3356 397,

190 3392 241 3440 21.
254 3371 469 3451 Ἀνεμοκοῖται.
493 3376 522 3436 οἱ
537 3372 663 3453 ἀνέμους
680 3374 868 3453 κοιμίζοντες.
891 3372 980 3455 γένος
1002 3373 1036 3437 δέ
1055 3382 1133 3454 φασι
1154 3377 1288 3437 τοιοῦτον

188 3476 333 3558 ὑπάρχειν
348 3476 381 3538 ἓν
397 3475 540 3559 Κορίνθῳ.
566 3476 740 3539 BLOMF.

230 3593 304 3662 570.
322 3579 355 3640 έν
369 3576 464 3661 ψήφῳ
478 3577 596 3659 λέγειν]
615 3578 666 3640 Ad
679 3578 833 3642 calculum
849 3598 1015 3640 recensere.
1040 3577 1215 3640 BLOMF.

230 3697 306 3763 572.
329 3675 506 3761 ξυμφοραῖς]
530 3682 681 3759 ξυμφορὰς
704 3679 885 3743 dubitanter
906 3679 1038 3762 conjecit
1061 3677 1285 3743 Blomiieldus:

188 3805 261 3866 quae
278 3782 390 3844 usitato
405 3795 562 3842 structura
576 3796 632 3844 est.

231 3883 305 3965 576.
323 3883 397 3945 Post
412 3879 594 3956 ποτωμένοις
604 3883 692 3944 colon
708 3883 754 3946 vel
770 3905 890 3947 comma
903 3884 1100 3969 ponendum:
1126 3883 1287 3969 sequentia

188 3983 268 4045 enim
293 3997 365 4044 sunt
386 3981 481 4045 verba
502 3982 578 4068 ipsa,
603 3985 719 4070 quibus
745 4008 777 4050 se
795 3985 954 4069 jactarunt
978 3984 1117 4071 sospites.
1158 3984 1286 4048 Monuit

189 4083 397 4147 Wellanerus.

230 4202 303 4270 579.
332 4184 582 4274 ἐπασσάλευσαν]
611 4188 724 4274 Ευτίρ.
757 4189 809 4250 El.
834 4206 861 4270 7.
889 4188 930 4251 de
957 4192 1208 4274 Agamemnone,
1231 4188 1286 4274 qni

188 4288 289 4374 Troja
303 4302 404 4372 captu,
419 4289 546 4367 ὑψηλῶν
562 4290 611 4352 ἐπὶ
626 4294 717 4352 Notio
732 4288 845 4354 τέθεικε
858 4296 956 4354 σκθλα
970 4297 1100 4356 πλεῖστα
1110 4289 1287 4371 βαρβάρων.

187 4390 241 4454 ubi
256 4385 318 4451 vid.
337 4387 462 4449 Barnes.
482 4386 626 4473 Sophoci.
644 4390 699 4474 Aj.
716 4407 768 4473 92.
786 4392 837 4455 καί
849 4416 885 4455 σε
901 4395 1085 4474 παγχρύσοις
1101 4393 1161 4473 syo
1177 4389 1287 4472 ortuo
