2984 5054
516 352 586 416 AD
609 351 879 417 SUPPLICES.
1184 353 1250 416 588

151 517 239 583 salos
248 539 339 607 rogn.
362 522 498 600 καρβᾶνα
509 517 533 583 δ’
544 519 637 584 αὐδάν
648 518 781 584 scribere
794 517 899 606 potuit
909 517 1092 606 AEsohylnn,
1104 519 1162 584 etsi
1176 519 1251 584 alibi

152 619 285 684 formam
300 620 449 703 κάρβανος
463 634 556 686 amat.
583 619 724 708 Etymol.
741 622 790 684 M.
807 634 939 685 testatur
954 625 1102 703 καρβῦνες
1115 620 1177 686 dioi
1191 643 1250 708 pro

150 722 311 805 βάρβαροι.
336 724 436 789 SCH.
464 724 589 805 ίλέωμαι
603 723 683 788 Ald.
698 723 784 788 Rob.
811 723 931 804 ἐλάομαι
947 722 1129 809 Burgesius.
1174 725 1250 789 Sus·

150 839 277 911 pectnm
292 839 338 889 est
354 826 481 907 ἱλέομαι,
496 847 571 911 quae
584 825 685 889 forma
699 823 826 890 aliunde
840 846 902 888 non
916 838 963 888 est
977 825 1110 912 oognita.

197 929 269 991 118.
293 927 442 1012 καρβάνα]
471 925 677 992 Scribendum
701 930 846 1008 καρβᾶνα.
885 933 906 964 “
920 926 1002 990 Cum
1018 929 1107 1014 prins
1120 926 1250 994 dixisset

149 1034 266 1107 βοῦνιν,
283 1027 447 1092 verborum
464 1028 581 1116 quibus
603 1027 703 1094 utitur
717 1026 1017 1105 observantissimus,
1034 1027 1137 1093 statim
1159 1029 1250 1094 addit

151 1134 287 1211 καρβᾶνα
308 1129 332 1195 δ’
349 1130 442 1197 αὐδάν
456 1145 514 1196 etc.
552 1135 658 1198 Βοΰνις
677 1129 758 1193 enim
779 1135 828 1212 γῆ,
844 1132 918 1193 κατὰ
939 1128 1122 1212 βαρβάρους,
1145 1131 1249 1219 inquit

150 1236 336 1301 scholiastes.
382 1239 429 1301 Et
448 1236 650 1324 Phrynichus
671 1248 760 1299 notat
780 1234 893 1315 βουνὸν
914 1257 980 1299 ease
1002 1237 1123 1300 ῦθνείαν
1144 1236 1249 1317 φωνὴν

149 1343 199 1416 τῆς
224 1337 367 1418 Ἀττικῆς.
413 1339 510 1404 Unde
529 1337 645 1404 alicubi
668 1337 699 1401 in
723 1336 886 1416 oomoedia,
909 1358 981 1401 oum
1007 1336 1136 1424 qnidam
1162 1338 1247 1403 huno

148 1461 274 1504 versum
289 1440 484 1527 protulisset:

234 1555 350 1621 Βοννὸν
365 1558 414 1622 ἐπὶ
428 1558 518 1643 ταύτῃ
534 1556 714 1636 καταλαβὼν
728 1557 789 1621 dvo
803 1555 879 1620 τινά.

148 1687 262 1774 regerit
278 1688 372 1754 alter:

232 1808 286 1876 Τίς
300 1806 364 1872 ἐσθ’
380 1810 397 1871 ὁ
411 1808 532 1888 βουνὸς,
548 1808 599 1872 ἵνα
612 1812 718 1890 σαφῶς
732 1832 767 1871 σε
781 1806 922 1886 μανθάνω
934 1835 942 1880 ;

148 1943 277 2007 Srnnn.
313 1947 419 2011 Βοῦνις
443 1943 482 2025 γῆ
506 1965 581 2008 vero
602 1941 718 2008 dicitnr
748 1951 834 2007 terra
854 1943 982 2008 collibus
996 1943 1177 2031 fitqumor
1201 1947 1245 2012 sic

145 2043 228 2109 infra
248 2049 289 2128 γῖι
308 2049 412 2125 βοῦνις
433 2045 632 2133 componitur
652 2069 684 2110 v.
699 2046 783 2131 7893
806 2043 960 2110 falluntur
974 2067 1050 2132 ergo
1064 2045 1120 2132 qui
1134 2045 1245 2114 Ἀπίαν

145 2150 252 2225 βοῦνιν
266 2146 385 2212 dictum
400 2170 466 2212 esse
479 2163 594 2235 putant
608 2171 668 2235 pro
677 2146 788 2213 Ἀπίαν
801 2151 869 2230 γῆν,
881 2169 954 2212 cum
964 2147 1116 2234 significet
1126 2149 1244 2236 Apiom

148 2251 288 2330 (terram)
304 2249 648 2336 collibasfreqruntem.
673 2248 714 2314 cf.
731 2251 867 2335 Interpr.
882 2248 923 2312 ad
939 2250 1080 2335 Hesych.
1095 2272 1125 2314 v.
1139 2251 1245 2330 βουνίς

145 2350 213 2432 γαῖ’
239 2350 337 2414 SCH.

191 2472 260 2537 119.
287 2452 429 2537 εῦακοεῖς]
455 2453 623 2518 εῦακοννεῖς
647 2452 696 2515 Μ.
718 2453 792 2515 Par.
811 2450 919 2516 Guelf.
944 2451 1021 2516 Ald.
1058 2453 1243 2540 Utrumque

144 2554 301 2619 vitiosum.
326 2557 359 2620 εῦ
376 2554 436 2637 (vel
452 2555 515 2637 οῦ),
531 2559 580 2638 γά,
605 2560 719 2631 κοννεῖς
740 2552 980 2618 Boissonadius:
1002 2577 1139 2640 quocum
1158 2557 1241 2621 oonf.

144 2681 175 2722 v.
192 2658 212 2723 l.
227 2657 268 2722 ad
287 2678 358 2743 ¹30·

190 2780 261 2828 120.
283 2760 622 2845 πολλάκι-καλύπτρᾳ]
640 2759 816 2825 Identidem
829 2767 934 2822 autem
948 2782 1022 2846 prae
1038 2761 1172 2825 tristitia
1192 2762 1240 2826 ln·

143 2864 418 2932 cerovestimonto
442 2862 528 2926 linea
550 2871 581 2926 et
603 2862 772 2928 Sidonium
798 2861 912 2948 capitis
933 2868 1157 2949 tegrtmeotum.
1191 2865 1241 2944 ἐμ-

143 2970 258 3028 πιτνεῖν
272 2965 329 3029 σῦν
343 2965 442 3028 λακίδι
461 2963 537 3026 nihil
557 2962 643 3029 alind
666 2978 713 3029 est
733 2986 828 3051 quam
851 2962 1038 3049 discerpere,
1053 2963 1240 3046 dilacerare,

142 3067 292 3152 impetum
306 3067 342 3129 in
357 3074 456 3129 nester
464 3066 582 3150 facere
602 3066 778 3130 lacerando.
817 3063 869 3129 sic
891 3065 979 3128 Pers.
994 3086 1025 3128 v.
1043 3083 1115 3131 122.
1128 3067 1240 3146 βυσσί-

144 3191 206 3235 νοις
221 3165 245 3230 δ’
262 3169 296 3231 ἐν
309 3165 436 3233 πέπλοις
450 3166 530 3252 πέσῃ
544 3167 638 3234 λακίς.
663 3166 762 3231 SCH.

186 3268 327 3353 ἐμπίτνω]
342 3269 471 3348 ἐμπιτνῶ
485 3267 569 3346 libri,
583 3266 670 3354 quod
685 3269 811 3332 ἐνπιτνῶ
826 3264 975 3351 scriptum
988 3265 1019 3331 in
1037 3267 1144 3333 Guelf.
1160 3269 1237 3334 Ald.

188 3487 260 3535 121.
285 3468 418 3555 Σιδονία]
440 3471 567 3554 Σιῦωνῖᾳ
588 3468 666 3534 Ald.
690 3470 794 3533 Turn.
812 3469 945 3532 Homer.
966 3467 1007 3531 Il.
1028 3473 1064 3545 Z,
1080 3468 1154 3554 289.
1176 3467 1238 3535 ἔνθ’

142 3571 218 3636 έσαν
232 3573 262 3635 ol
274 3570 385 3635 πέπλοι
398 3572 604 3651 παμποίκιλοι,
621 3571 696 3654 ἔργα
709 3573 857 3654 γυναικῶν
871 3571 1023 3634 Σιδονίων.

184 3671 347 3757 καλύπτρᾳ]
362 3674 513 3757 καλύπτρᾳ
527 3671 636 3737 Guelf.
652 3671 734 3737 Ald.

186 3790 257 3859 123.
279 3773 466 3858 πελομένων]
486 3778 638 3855 πελομίαν
659 3773 738 3845 Αίά.
759 3785 908 3838 oonsneto
927 3769 985 3834 sibi
1005 3792 1108 3834 errore
1130 3771 1177 3853 (ν.
1195 3772 1238 3837 ad

140 3898 170 3939 v.
187 3876 267 3962 63.),
283 3899 348 3962 qno
362 3899 424 3940 non
439 3875 655 3941 animadverso
668 3877 820 3957 πολεμίων
834 3870 1033 3959 interpolavit
1047 3871 1149 3937 Turn.

185 3995 256 4056 124.
280 3977 454 4061 ἐπιδρομῶσ’
470 3980 518 4043 ὅθι
532 3977 616 4044 Rob.
635 3978 744 4065 steph.
778 3977 924 4057 ἐπιδρόμω
944 3974 1015 4037 πόθι
1033 3971 1113 4037 Ald.
1131 3974 1237 4039 Turn.

139 4060 285 4161 ἐπιδρομάς
299 4085 370 4147 πόθι
384 4082 435 4147 Μ.
473 4080 681 4147 Sonibendum
704 4080 845 4162 ἐπίδρομ’,
862 4078 1036 4141 <ludoicum
1052 4076 1238 4140 Hermanno

140 4185 258 4269 Opuso.
280 4185 340 4250 vol.
356 4207 386 4267 4.
408 4208 441 4273 p.
459 4205 530 4271 119.
569 4187 701 4250 Sensum
723 4181 892 4247 verborum
914 4177 957 4242 sio
976 4176 1128 4264 explicuit
1146 4176 1235 4241 scho-

139 4282 238 4360 liasta,
262 4287 336 4349 ὅπον
359 4288 392 4349 δέ
419 4285 546 4353 θάνατος
569 4288 640 4373 άπῇ,
660 4287 724 4350 ἐκεῖ
745 4289 805 4349 νῦν
826 4282 989 4362 ἀνθρώπων
1011 4277 1237 4360 εῦπραγοιίντων

138 4387 219 4464 τιμαὶ
233 4391 295 4453 τοῖς
316 4391 396 4454 θεοῖς
410 4386 626 4470 ἐπιτρέχουσαν.
649 4385 761 4467 ἐναγέα
774 4385 808 4448 δέ
822 4383 1018 4466 ἐναγίσματα.
1046 4378 1110 4444 Sed
1124 4376 1237 4460 ἐναγέα

139 4508 200 4550 non
216 4501 346 4573 apparet
360 4485 520 4573 quomodo
533 4508 593 4572 pro
606 4486 794 4567 ἐναγίσματα
806 4482 869 4548 dici
882 4477 1031 4569 potuerit.
