2984 5054
445 377 514 440 ΑΙ)
537 375 937 440 AGAMEMNONEM.
1179 376 1244 446 379

189 583 264 650 719.
280 567 370 632 οθκως
384 567 427 630 Τ.
450 547 535 634 oiri}
549 564 601 631 ΡΙ.
623 566 708 635 οὗτος
722 565 828 653 vulgo.

190 683 262 749 722.
277 666 432 752 γεραροῖς]
449 667 598 733 Senibus.

190 784 263 854 723.
291 767 405 854 πολέα]
435 768 608 833 Rarissima
636 770 722 856 apud
752 769 885 856 tragicos
915 768 1017 834 forma
1050 770 1159 835 lonica
1185 794 1246 859 pro

144 868 256 933 πολλά.
279 869 399 935 πολέων
412 893 472 958 pro
485 877 609 934 πολλῶν
623 871 704 935 dixit
717 870 888 958 Euripides
904 872 1018 934 Helen.
1034 890 1125 957 1332.

190 970 273 1060 ἔσχ’]
297 972 408 1037 Lectio
429 971 547 1036 vitiosa.
592 973 665 1036 Non
688 971 836 1037 satisfacit
862 972 1040 1037 Casauboni
1066 973 1247 1060 conjectura

146 1073 230 1149 έσκε,
255 1071 274 1135 i.
290 1095 317 1136 e.
343 1073 390 1153 ἦν,
411 1096 476 1158 quo
495 1072 677 1160 imperfecto
697 1098 774 1139 usus
795 1089 842 1140 est
866 1073 1039 1159 AEsclrylus
1059 1075 1147 1138 Pers.
1171 1075 1244 1159 656.

147 1172 355 1238 scribendum
376 1173 454 1255 ἦστ’.
476 1175 568 1261 cujus
589 1176 743 1263 scriptura
764 1177 895 1264 antiqua
911 1181 990 1240 ΕΣΤ
1009 1174 1102 1239 l'acile
1123 1174 1156 1239 in
1178 1172 1245 1259 ἔσχ’

144 1275 305 1363 oorrumpi
320 1276 432 1362 potuit.

192 1393 267 1460 725.
283 1378 452 1460 φαιδρωπὸς
465 1380 534 1443 ποτὶ
547 1378 650 1465 χεῖρα]
672 1380 746 1444 Ηοο
760 1393 808 1444 est
821 1378 907 1466 quod
922 1379 954 1443 in
970 1401 1111 1444 sermone
1123 1375 1247 1466 vulgari

147 1479 303 1564 χειροήθης
316 1480 441 1545 dicitur.

195 1581 268 1662 728.
290 1582 418 1664 πρόσθε]
444 1581 627 1667 Legebatur
648 1585 730 1663 πρός.
767 1583 880 1646 Veram
895 1581 1080 1668 scripturam
1096 1577 1249 1668 expressit

149 1680 378 1760 Humboldtus,
394 1704 432 1746 ex
450 1685 638 1763 Hermanni,
654 1684 687 1746 ni
702 1683 801 1761 fallor,
814 1684 1001 1771 conjectura.

190 1781 316 1867 τοκήων]
331 1782 444 1848 τοκέων
459 1786 502 1847 Τ.

194 1899 265 1969 729.
288 1890 401 1968 τροφᾶς
422 1889 480 1968 γὰρ
502 1887 688 1951 Pearsonus.
722 1890 780 1969 γὰρ
802 1890 916 1967 τροφᾶς
934 1883 1014 1948 libri.
1045 1887 1103 1966 γὰρ
1121 1887 1249 1966 τροφεῦ·

149 2011 203 2050 σιν
218 1987 262 2051 Τ.

194 2104 269 2172 730.
285 2087 407 2168 ἄγουσιν
423 2089 636 2152 Hermannus.
658 2088 778 2152 ἄπαισιν
791 2086 899 2175 vulgo.
922 2088 1005 2154 ἄπαις
1021 2084 1071 2151 Fl.

194 2206 268 2275 733·
283 2189 401 2272 θμῦχον
417 2191 459 2254 Τ.
482 2190 601 2272 ἄμαχον
616 2187 640 2253 δ’
656 2187 766 2276 vulgo.

194 2306 268 2376 734·
302 2290 503 2378 πολυκτόνον]
536 2292 722 2355 πολθκτουου
754 2289 860 2376 vulgo.
910 2290 1085 2354 Aoeentum
1115 2288 1250 2353 oerrexjt

152 2391 296 2456 Botbius

197 2505 270 2576 735.
296 2492 391 2572 ἱερεύς
416 2516 459 2557 τις
481 2489 569 2576 ἆτος]
602 2493 758 2556 Stanleius
783 2504 943 2578 comparat
967 2490 1072 2555 Theb.
1093 2505 1169 2574 571.
1196 2490 1251 2554 ubi

153 2592 288 2681 Tydeus
301 2590 417 2656 dicitur
429 2591 565 2674 Ἐρινύος
579 2592 699 2675 κλητήρ.
739 2593 790 2657 Sic
804 2592 887 2656 infra
903 2594 995 2657 1206.
1014 2593 1144 2656 θύουσαν
1160 2594 1251 2656 Αἴδου

150 2692 260 2775 μητέρ’.
307 2694 346 2757 Ια
365 2693 480 2780 Eurip.
503 2696 606 2758 Orest.
623 2713 695 2780 255.
717 2694 823 2758 Furioe
846 2709 997 2758 vocantur
1021 2694 1131 2777 ἐνέρων
1151 2695 1250 2777 tutat.

154 2796 329 2859 BLOMF.

194 2897 404 2980 προσεθρέφθη
420 2896 587 2961 Heatltius.
609 2899 803 2979 προσετράφη
819 2896 899 2962 libri.

196 3014 269 3083 737.
285 2996 353 3079 παρ’
370 2998 444 3062 αὐτὰ
454 2998 621 3062 Heathius.
645 3002 780 3079 παρουτᾰ
795 2997 844 3063 Fl.
868 2999 1003 3080 πάραυτα
1017 2999 1122 3086 vulgo.
1148 3000 1251 3088 Signi-

152 3098 225 3163 ficat
238 3116 343 3163 autem
354 3121 455 3186 prope
468 3099 543 3174 ltaec,
559 3098 581 3162 i.
596 3123 624 3164 e.
639 3101 796 3178 similiter,
812 3115 848 3164 ut
863 3101 984 3165 monuit
1000 3102 1144 3167 Bothius.

197 3200 221 3266 δ’
238 3201 288 3266 Fl.
319 3200 343 3265 δ’
359 3202 412 3265 οὖν
426 3200 539 3287 vulgo:
564 3224 637 3286 quae
653 3201 795 3265 Triclinii
817 3202 1015 3290 interpolatio
1034 3219 1081 3268 est
1095 3203 1146 3269 hic
1166 3217 1198 3268 et
1218 3203 1251 3267 in

153 3303 350 3390 antistropho
364 3302 539 3366 trimetrum
554 3301 704 3367 facientis.

199 3420 270 3488 740.
294 3405 411 3468 Versus
431 3426 471 3467 ex
496 3402 632 3468 baccheo
653 3401 835 3490 duplicique
854 3405 1098 3490 penthemimere
1120 3405 1253 3471 iambico

154 3507 352 3593 compositus.

198 3612 336 3690 φρόνημα
349 3610 406 3689 μὲν
421 3605 548 3687 νηνέμου
562 3604 712 3690 γαλάνας]
726 3606 789 3670 His
800 3605 901 3670 verbis
912 3605 1104 3693 significatur
1116 3607 1251 3688 Helena,

155 3710 242 3796 quod
263 3710 392 3774 haberet
413 3709 551 3772 animum
575 3709 748 3796 placidum,
768 3722 800 3771 et
823 3707 915 3771 maris
934 3707 1151 3794 tranquillitati
1171 3709 1253 3773 simi·

155 3812 228 3888 lem,
245 3812 328 3876 uude
349 3834 441 3875 nemo
456 3824 503 3876 tot
517 3809 598 3874 mala
613 3811 760 3898 Trojanis
773 3809 983 3896 exspectanda
997 3834 1063 3875 esse
1082 3811 1250 3900 cogitabat.

199 4032 273 4098 741.
288 4014 313 4080 δ’
327 4014 450 4079 addidit
465 4016 634 4078 Porsonus.

199 4120 320 4200 ἄγαλμα
341 4117 486 4200 πλουτου]
512 4116 601 4178 Paris
622 4113 703 4178 enim
726 4136 823 4198 opum
847 4138 973 4180 suarum
990 4139 1147 4182 summum
1162 4140 1254 4184 orna-

157 4234 297 4283 mentum
341 4217 614 4304 interpretabatur,
652 4238 780 4279 uxorem
825 4216 965 4281 omnium
1003 4217 1256 4284 formosissimam

157 4320 292 4385 duxisse.
329 4322 495 4383 ἀκασκαῖον
522 4319 562 4381 ad
589 4315 747 4380 mollitiem
779 4318 913 4382 Helenae
948 4334 1076 4406 spectat.
1114 4321 1257 4408 Hesycb.

156 4421 299 4500 Ἀκάσκα,
314 4422 442 4504 ήσθχυς,
457 4425 607 4500 μαλακῶς,
622 4418 768 4499 βραδέως.
793 4420 894 4483 SCH.

201 4541 273 4605 742.
295 4521 452 4602 μαλθακὸν
466 4520 605 4601 ὀμμάτων
618 4518 729 4606 βέλος]
746 4518 829 4596 Quia
845 4518 969 4584 Helena
982 4543 1102 4600 omncs,
1118 4520 1173 4606 qui
1188 4543 1257 4586 eam

656 4638 750 4704 31³2
