2984 5054
540 353 608 416 AD
632 352 899 417 SUPPLICES.
1205 345 1270 412 613

212 538 290 606 519.
305 523 389 608 ποῖα]
404 528 472 587 ποῖα
485 523 599 609 vulgo:
625 522 679 586 aed
694 530 767 587 ποῖα
781 543 933 608 superscr.
949 519 981 582 in
997 521 1070 583 Par.

211 640 287 707 522.
309 631 466 706 πορσυνῶν
479 623 703 689 Valckenarius
723 623 764 687 ad
781 622 896 709 Eurip.
913 619 1024 685 Phoeu.
1041 621 1132 687 1082.
1158 622 1269 700 πορσύ-

171 751 233 790 νων
247 724 328 790 libri.

213 845 613 915 524-5302531-537·

214 931 612 1017 538-54⁶=547-555·

216 1035 615 1119 556-564=565-573·

216 1133 612 1219 574-581=582-589·

217 1251 615 1321 590-594=595-599·

215 1339 290 1423 526.
306 1340 506 1422 τελειότατον]
525 1338 695 1402 τελειότατε
710 1334 787 1400 Ald.
804 1336 907 1398 Turn.

215 1459 290 1525 527.
305 1438 420 1524 πείθου]
437 1438 642 1504 Scribendum
658 1443 746 1502 πιθοῦ
760 1460 831 1501 cum
849 1436 996 1501 Stanleio.

215 1562 289 1628 530.
305 1545 361 1606 τᾶν
374 1540 548 1624 μελανόζυγ’
565 1540 656 1628 ἄταν]
673 1542 772 1604 Recte
789 1539 944 1603 Stanleius
958 1539 999 1602 ad
1016 1542 1132 1626 nigros
1146 1544 1272 1630 AEgyp·

174 1644 288 1710 tiorum
299 1644 431 1731 remiges
442 1658 566 1731 poetam
577 1644 728 1729 respicere
739 1643 893 1729 judicavit
904 1643 1089 1730 comparatis
1100 1667 1127 1709 v.
1140 1663 1212 1731 719.
1223 1670 1270 1732 sq.

346 1795 493 1877 πρέπουσι
507 1795 530 1859 δ’
547 1797 652 1878 ἄνδρες
668 1795 744 1876 veiint
757 1798 954 1879 μελαγχίμοις

345 1898 456 1979 γυίοισι
470 1904 584 1962 λευκῶν
600 1901 632 1962 ἐκ
647 1898 853 1978 πεπλωμάτων
869 1902 952 1962 ἰδεῖν.

175 2048 256 2112 adde
271 2072 298 2113 v.
316 2064 387 2134 745.
413 2050 512 2114 SCH.

217 2170 292 2234 531.
307 2155 466 2236 γυναικῶν]
488 2152 681 2217 Vocabulum
697 2168 891 2240 corruptum.
914 2158 1009 2235 γονᾶν
1023 2160 1086 2218 σῶν
1102 2154 1247 2219 ΒοῖΙτὶιις.

217 2269 291 2337 533.
323 2255 570 2338 φιλίος-Ἷοὺς]
598 2256 731 2319 Dilecto
760 2256 817 2317 tibi
843 2256 987 2318 mrelieris
1014 2259 1132 2320 ataviae
1159 2268 1277 2322 nostrae

175 2356 270 2417 recole
292 2357 441 2418 memoria
451 2357 633 2440 jucundam
642 2356 796 2441 sobolum
817 2379 839 2419 s.
856 2358 1094 2429 narrationem
1104 2360 1181 2443 foc,
1195 2382 1213 2423 ο
1228 2370 1275 2436 tu,

175 2458 231 2542 qui
249 2457 322 2519 olim
340 2459 580 2522 contrectatione
600 2467 655 2521 toa
674 2459 782 2521 Ionem
803 2459 1025 2544 impregnosti
1045 2468 1082 2523 at
1102 2482 1188 2524 nane
1207 2464 1277 2548 eyfus

175 2560 222 2621 rei
247 2559 419 2645 diligenter
443 2561 625 2624 recorderis.
654 2562 754 2624 SCH.
800 2559 953 2625 Deleatur
974 2559 1184 2648 interpunctio
1206 2579 1277 2650 post

178 2660 265 2743 γένος
280 2676 311 2724 et
325 2662 464 2742 γυναικός
478 2678 510 2725 et
523 2666 742 2745 πολυμνῆστορ.

220 2783 295 2849 535·
321 2770 530 2848 πολυμνῖγστορ
559 2767 762 2829 Hermannus
788 2764 890 2828 Elem.
914 2763 1013 2829 doctr.
1037 2780 1124 2831 metr.
1148 2790 1180 2853 p.
1205 2786 1277 2852 232.

179 2867 361 2953 Legebatur
389 2868 616 2949 πολυμνήστωρ.
642 2874 733 2949 γενοῦ
755 2871 965 2949 πολυμνῆστορ
985 2867 1103 2932 dictum
1126 2884 1163 2934 ut
1188 2871 1278 2949 ὄλβιε

179 2974 253 3049 κῶρε
266 2970 367 3051 γένοιο
382 2970 467 3058 apud
486 2970 621 3033 Theocr.
637 2988 687 3050 17,
702 2969 754 3032 66.

221 3071 356 3151 ἔφαπτορ
372 3074 541 3135 Porsonus.
564 3069 705 3152 ἐφάπτωρ
719 3069 801 3133 libri.

220 3175 296 3255 536.
313 3171 349 3236 δι’
364 3173 399 3240 ἇς
413 3199 459 3236 τοι
475 3176 643 3236 Porsonus.
661 3174 725 3239 δίας
738 3196 784 3235 τοι
798 3172 882 3250 libri,
898 3172 954 3236 nisi
970 3173 1056 3258 quod
1072 3173 1187 3238 lederet
1199 3174 1277 3239 Ald.

179 3275 252 3352 Quo
273 3274 350 3338 vitio
371 3275 522 3362 deceptus
543 3274 708 3338 scholiasta
729 3279 781 3353 τῆς
802 3275 867 3342 δίας
884 3277 1044 3357 Αἰγύπτου,
1065 3280 1116 3355 τῆς
1137 3283 1189 3339 ποῶ
1204 3278 1278 3344 Διὸς

180 3378 258 3457 lepis
272 3380 326 3458 γῆς
340 3390 386 3439 est
399 3376 633 3463 interpretatus.

221 3497 295 3564 539.
314 3478 444 3563 ἑπωπὸς]
461 3480 627 3557 κατονομᾶς
640 3477 864 3563 interpretatur
879 3478 1052 3544 scholiasta.

221 3600 297 3665 542.
312 3581 502 3664 ἁμαρτίνοος]
520 3581 697 3662 ἁμαρτίνοος
711 3580 788 3644 Ald.
805 3583 907 3645 Turn.

222 3704 296 3770 544.
312 3688 379 3767 διχῆ
394 3682 417 3747 δ’
431 3682 735 3768 ἀντίπορον-ὁρίζει]
750 3684 798 3748 bis
813 3684 964 3769 verosati
975 3687 1155 3749 necessitate
1165 3687 1279 3751 adacto

165 3790 297 3873 fretam
312 3785 520 3862 maritimum,
535 3805 647 3870 nempe
663 3785 838 3872 Bosporum
857 3785 1040 3863 Thracium,
1056 3802 1088 3850 et
1101 3789 1278 3875 Bosporum

181 3888 398 3966 Cimmerium,
413 3887 520 3951 αααάο
542 3907 696 3973 creperum
717 3887 760 3951 ael
780 3889 954 3974 oppositam
977 3891 1185 3954 continentem
1201 3912 1279 3977 per-

180 3996 276 4058 venit.
300 3994 402 4058 SCH.

221 4113 296 4180 547.
320 4096 430 4181 ἰάπτει]
456 4095 561 4160 Verbo
582 4094 669 4183 quod
690 4097 793 4160 active
813 4107 952 4159 sumtum
974 4095 1127 4183 significat
1145 4099 1279 4176 mittere,

180 4199 362 4262 neutraliter
377 4221 451 4262 usus
466 4212 512 4262 est
526 4221 585 4284 pro
599 4201 658 4277 ire,
675 4200 823 4263 transire.
848 4199 948 4262 SCH.

224 4297 248 4362 δ’
266 4297 388 4366 Ἀσίδος
407 4301 510 4363 Τωτῐι.
537 4301 640 4366 ἆσίδος
661 4299 744 4365 Rob.
771 4300 898 4380 βίσιόος
919 4302 968 4364 Μ.
995 4302 1047 4382 (ex
1068 4324 1133 4388 quo
1154 4303 1282 4382 βασίδος

181 4401 358 4481 enotatum)
375 4399 483 4464 Guelf.
501 4400 578 4465 Ald.
595 4401 703 4487 Steph.
719 4415 752 4466 et
765 4401 863 4467 codex
880 4401 1065 4468 Robortelli.

205 4518 207 4522 ⁴
225 4519 301 4588 549.
317 4503 446 4588 Μυσῶν]
463 4508 582 4583 μουσῶν
597 4501 673 4568 Ald.
690 4502 773 4568 Rob.
