2984 5054
490 374 557 437 AD
581 375 983 438 AGAMEMNONEM.
1221 373 1282 440 371

234 541 393 626 θάμάρτια]
419 544 492 607 Ηοο
515 543 677 620 vocabulo,
693 543 779 630 quod
798 566 856 630 pei·
871 543 981 624 μισθὸν
1003 546 1053 621 τῆς
1074 543 1211 621 τιμωρίας
1230 564 1283 605 ex·

187 640 283 729 plicat
298 642 472 722 scholiasta,
489 644 588 708 utitur
603 646 689 708 Pers.
702 647 775 728 676.

233 747 309 829 538.
331 747 441 821 Partes
462 747 592 833 quasin
616 747 674 811 hac
699 748 875 830 στιχομυθίᾳ
897 744 1011 809 chorus
1029 745 1120 830 gerit,
1146 743 1177 807 in
1202 743 1287 807 libris

191 847 349 911 veteribus
365 849 613 936 Clytaemnestra
627 849 840 936 adsignantur.
886 851 1039 912 Personas
1053 847 1172 933 primus
1184 861 1286 910 muta·

192 948 238 1013 vit
254 949 419 1014 Hoathius.
445 953 545 1016 Raeto
556 973 626 1015 eum
642 951 750 1015 fecisse
764 974 803 1014 ex
818 974 847 1013 v.
859 952 932 1035 583.
951 948 1077 1035 patebit.
1102 950 1277 1012 BLOMF.

236 1050 335 1136 κάρνί]
355 1053 462 1117 Scribe
477 1058 573 1134 κῆρυξ·

235 1171 310 1237 539.
332 1152 488 1238 τεθνάναι]
512 1154 695 1217 Notandum
712 1159 853 1218 τεθνάναι
867 1153 986 1241 syllaba
1001 1153 1101 1218 media
1118 1154 1286 1240 producta:

194 1277 264 1320 nam
280 1255 417 1343 legitima
431 1256 532 1319 forma
547 1256 686 1320 τεθνάναι
700 1271 756 1320 est.

237 1358 276 1421 ἔτ’
291 1381 353 1423 om.
372 1360 422 1422 Fl.

237 1480 309 1544 542.
325 1460 390 1545 ἦτε]
403 1463 470 1524 ἴστε
486 1460 535 1524 Fl.
573 1462 715 1524 Numero
737 1459 848 1546 plurali
873 1459 972 1524 ulitur
986 1461 1157 1525 exercitum
1181 1461 1292 1526 intelli-

194 1585 280 1648 gens.
306 1563 345 1625 In
361 1563 422 1626 fine
437 1586 544 1626 versus
558 1577 709 1649 punctum
723 1585 788 1625 esso
799 1561 977 1648 ponendum
992 1563 1113 1626 monuit
1123 1564 1292 1629 Hoathius.

237 1682 313 1749 543.
330 1670 391 1732 πῶς
405 1665 457 1744 δής
482 1667 631 1749 διδαχθεὶς
644 1669 729 1728 τοῦδε
744 1663 883 1727 δεσπόσω
899 1661 1018 1748 λόγου]
1036 1664 1087 1728 Sic
1101 1681 1184 1729 recte
1198 1665 1293 1729 inter·

197 1767 310 1852 punxit
326 1767 501 1832 Schutzius
540 1766 656 1853 Vulgo,
672 1773 743 1833 Πῶς
763 1767 798 1844 δὴ
813 1768 962 1849 διδαχθεὶς
980 1771 1067 1830 τοῦδε
1081 1765 1219 1831 δεσπόσω
1241 1766 1293 1832 λά

196 1894 271 1951 γους
295 1870 432 1932 Eumen.
459 1888 530 1933 201.
555 1875 626 1935 Πῶς
650 1869 703 1945 δή;
739 1873 883 1931 τοσοῦτον
913 1872 1003 1947 μῆκος
1034 1869 1165 1932 ἔκτεινον
1189 1867 1292 1949 λόγου.

195 1972 270 2055 598.
288 1977 357 2038 Πῶς
371 1971 425 2050 δή;
446 1974 564 2049 δίδαξον
585 1971 652 2036 τοὺς
666 1968 835 2044 δικάζοντας
857 1967 936 2033 τάδε.
976 1968 1089 2054 Eurip.
1107 1969 1182 2034 Hel.
1201 1973 1292 2034 1262.

198 2080 268 2139 Πῶς
282 2073 337 2152 δή;
360 2073 519 2152 λέλειμμαι
540 2077 599 2134 τῶν
621 2073 655 2134 ἓν
670 2068 824 2147 Ἕλλησιν
840 2069 947 2148 νόμων.
972 2071 1146 2135 BLOMF.
1192 2072 1294 2136 Inter-

197 2175 401 2261 pungendum
418 2190 454 2238 ut
470 2172 655 2238 Schuetzius
670 2171 753 2235 lecit.

239 2293 314 2362 544.
329 2276 549 2361 πεπληγμένος]
574 2274 776 2340 scribendum
793 2275 998 2355 πεπληγμένοι
1016 2297 1088 2338 cum
1102 2276 1293 2362 Tyrwhitio,

200 2380 253 2465 qui
270 2395 351 2444 recte
366 2379 460 2468 sensit
474 2379 577 2464 aptius
591 2377 649 2440 hoc
664 2375 702 2438 ad
720 2375 897 2460 praecedens
912 2376 1058 2454 ἐπήβολοι
1076 2375 1183 2439 referri
1199 2400 1293 2462 quam

198 2481 238 2546 ad
255 2484 403 2545 δεσπόσω.

242 2599 316 2669 545.
354 2585 393 2647 In
426 2584 487 2646 fine
520 2607 626 2647 vorsus
663 2579 873 2666 interrogandi
911 2580 1034 2666 signum
1072 2598 1155 2646 recte
1191 2582 1297 2669 posuit

200 2684 366 2749 Heatliius.

242 2790 315 2872 546.
330 2789 362 2867 μ’
376 2787 502 2851 accessit
516 2811 554 2850 ex
571 2809 669 2874 marg.
686 2786 825 2851 Askevii.

242 2892 374 2970 ἀμαυρᾶς
389 2892 421 2953 ἐκ
436 2889 560 2974 φρενός]
581 2892 701 2955 Tacite.
726 2889 817 2952 Conl.
835 2887 978 2974 Clioeph,
994 2904 1063 2974 155.
1088 2890 1212 2953 STAN
1215 2892 1255 2953 L.

243 3007 316 3076 547.
339 2993 470 3075 στρατῶ]
494 2991 698 3055 scribendum
724 2994 848 3057 videtur
870 2999 997 3075 φρενῶν.
1020 3017 1093 3079 quae
1114 3018 1173 3058 vox
1197 3016 1295 3080 quum

199 3094 310 3157 omissa
325 3107 446 3170 esseae
469 3093 571 3179 priore
590 3094 744 3158 exercitus
766 3095 922 3159 montione
944 3117 1055 3182 parum
1076 3111 1166 3159 caute
1181 3098 1297 3181 στρατῷ

200 3194 359 3283 supplevit
380 3194 533 3259 librarius.
570 3197 820 3261 EMPERIUS
838 3197 869 3261 in
886 3197 1129 3262 Zimmermanni
1146 3199 1256 3262 Diario
1268 3222 1296 3262 a.

206 3300 299 3384 1835.
314 3322 345 3385 p.
358 3301 431 3382 627.

245 3416 318 3488 549.
334 3402 382 3465 καὶ
396 3401 472 3487 πῶς]
490 3401 696 3465 Scribendum
714 3406 763 3466 καί
775 3428 836 3468 πως
850 3423 921 3464 cum
940 3401 1119 3465 Klauseoio.

246 3501 387 3584 κοιράνων
402 3504 445 3567 Τ.
466 3503 617 3584 τυράννων
632 3502 737 3588 vulgo.

245 3618 319 3687 550.
334 3605 450 3671 ῶς-τδ
468 3606 619 3668 Auratus
642 3607 779 3670 ὦν-πδν
794 3604 874 3668 libri.
1109 3671 1111 3676 ,

245 3704 280 3768 τδ
295 3706 377 3792 σόν]
395 3708 487 3779 Quod
500 3716 534 3769 lu
554 3707 642 3770 modo
656 3709 777 3771 dossa.
810 3707 903 3770 Plato
919 3706 1056 3789 Sophist.
1074 3730 1104 3793 p.
1123 3727 1193 3792 233.
1211 3709 1248 3769 B.
1264 3708 1298 3769 τὸ
1324 3785 1333 3799 .

202 3807 260 3870 σὸν
282 3808 317 3886 δὴ
336 3813 431 3881 τοῦτο,
447 3812 546 3890 σχολῇ
567 3807 631 3872 ποτ’
648 3809 685 3871 δν
708 3836 734 3872 κ.
749 3835 774 3871 τ.
790 3817 820 3872 λ.
857 3808 1001 3894 Sophocl.
1022 3809 1075 3892 Aj.
1091 3830 1142 3894 99.
1159 3815 1300 3873 τεθνῶσιν

202 3907 318 3988 ἄνδρες,
334 3912 372 3976 ὣς
384 3911 419 3973 τδ
434 3911 492 3974 σὸν
505 3910 601 3988 ξυνῆκ’
619 3913 688 3992 ἐγώ.
720 3912 818 3973 Recte
832 3909 1006 3984 scholiasta,
1023 3910 1057 3972 τὸ
1073 3910 1227 3990 εἰρημένον
1242 3911 1299 3974 ὑπὸ

204 4014 269 4083 σοῶ,
285 4010 329 4083 τὸ,
345 4016 485 4075 τεθνᾶναι
499 4011 523 4075 δ’
539 4013 591 4074 οὐκ
607 4010 646 4074 ἔτ’
663 4014 775 4093 ἀντερῶ
790 4017 875 4078 θεοῖς.
901 4012 1074 4075 BLOMF.

246 4126 320 4194 552.
335 4112 373 4176 δν
387 4114 539 4176 Auratus.
566 4115 598 4177 εὖ
613 4112 692 4176 libii.

246 4216 321 4297 556.
336 4215 488 4302 παρήξεις]
505 4217 654 4279 Αοοοοοιιι
669 4214 707 4277 ad
725 4229 848 4277 terram.
889 4213 1000 4276 Minus
1022 4231 1103 4277 recle
1127 4214 1299 4288 scholiasta,

205 4314 272 4378 ἀντὶ
284 4320 336 4376 τοῦ
351 4319 540 4397 παροδρομδς
553 4319 602 4381 ἐπὶ
616 4316 669 4380 τόῶ
684 4318 929 4397 καταστρώματος
943 4321 1002 4378 τῶν
1018 4321 1102 4380 νεῶν.

243 4419 476 4504 λκακοστρώτους]
493 4420 691 4500 κακοτρόπους
706 4416 756 4483 ΕΙ.
773 4417 881 4503 steph.

708 4536 800 4603 μα
