2984 5054
525 347 592 410 AD
616 345 885 410 SUPPLICES.
1189 338 1254 406 593

153 538 192 579 ex
207 513 312 579 codice
327 513 494 591 Urbinate‚
511 537 542 600 p.
558 517 577 577 6
579 529 609 598 5.
629 515 699 597 156.
717 533 752 595 ¹9
754 530 786 596 5.
804 510 871 591 (ubi
887 508 984 595 vrrlgo
999 508 1100 572 ἔπειτα
1115 522 1150 570 ut
1165 504 1250 592 apud

153 616 355 704 AEschylum)
382 635 454 697 244.
493 613 621 679 Stanleii
647 615 856 699 conjecturam
882 611 952 674 κάπὶ
975 609 1044 674 τάδε
1070 608 1253 672 conlirmare
1297 646 1315 676 a

151 717 278 782 videtur
299 717 474 796 scholiasta,
490 719 506 780 θ
528 719 560 780 δὲ
579 717 648 797 ὄρος
669 714 840 795 θήμέτερος
861 714 932 777 τάπὶ
948 712 1097 790 Δωδώνην
1112 710 1176 794 ἔχει
1198 710 1253 775 ἕως

151 824 203 899 τῆς
217 819 383 898 θαλάσσης·
408 819 456 882 καί
472 817 609 883 ἐπέκεινα
623 820 655 881 δέ
672 822 763 880 τῶνδε
779 821 884 896 κρατῶ.

197 924 270 986 260.
293 919 412 1005 Ἀπίας]
439 919 689 1007 Peloponnesum
710 920 828 1005 Αρίαπι
855 917 895 981 ab
919 915 985 999 Api
1008 914 1123 978 dictam
1148 910 1252 991 tradit,

153 1045 226 1108 quaa
247 1022 335 1108 prius
354 1021 508 1108 AEgialea,
524 1043 617 1108 quem
642 1019 784 1106 sequitur
806 1016 978 1083 Pausanias
1001 1037 1032 1092 2,
1046 1035 1079 1098 5,
1094 1034 1125 1100 5.
1146 1014 1253 1090 Οδτος,

153 1122 268 1208 inquit,
291 1121 417 1190 ὁἈπις
439 1125 469 1190 ἐς
488 1125 613 1187 τοσόνδε
635 1121 744 1202 ηὐξήθη
764 1120 913 1201 δυνάμεως
935 1116 1037 1200 πρὶνῆ
1060 1117 1188 1182 Πέλοπα
1212 1119 1255 1183 είς

153 1223 324 1305 Ὀλυμπίαν
349 1225 520 1306 ἀφικέσθαι,
547 1226 586 1291 ὥς
609 1224 663 1302 τήν
691 1223 776 1290 ἐντὸς
798 1220 920 1301 Ἰσθμοῦ
944 1223 1047 1303 χώραν
1069 1217 1178 1282 Ἀπίαν
1203 1215 1251 1281 άπ’

155 1327 269 1391 ἐκείνου
284 1330 450 1391 καλεῖσθαι.
489 1325 643 1402 Rhianus,

367 1483 505 1542 -ποῦ
520 1480 553 1541 δέ
569 1477 675 1544 κλυτὸς
690 1474 818 1558 ἐκγένετ’
830 1475 933 1551 Ἀπις,

281 1578 354 1660 θςθ
368 1578 477 1660 Ἀσίην
492 1579 612 1662 ἐφάτιζε
627 1579 675 1642 καὶ
690 1578 798 1659 άνέρας
811 1576 1001 1655 Ἀπιδανῆας.

160 1729 375 1818 Apollodorus
391 1749 420 1808 2,
440 1751 468 1793 1.
486 1728 576 1798 Ἀπις
597 1732 653 1810 μέν
668 1731 721 1794 οὖν
740 1733 781 1798 είς
802 1731 959 1812 τυραννίδα
974 1728 1027 1807 τήν
1044 1730 1149 1792 ἑαυτοῦ
1168 1753 1257 1808 ρετα-

157 1832 271 1910 στήσας
283 1833 416 1912 διίναμιν,
433 1833 481 1896 καὶ
495 1834 594 1912 βίαιος
616 1831 659 1896 ὢν
673 1835 825 1914 τύραννος,
842 1832 994 1912 ὀνομάσας
1010 1829 1062 1912 ἀφ’
1079 1833 1184 1894 ἑαυτοῦ
1203 1831 1257 1909 τὴν

158 1935 396 2012 Πελοπόννησον
409 1932 529 1997 Ἀπίαν.
552 1934 673 1998 Euseb.
689 1933 835 1999 Chronic.
853 1937 931 1997 Can.
948 1933 1116 1997 Σικυωνίων
1137 1928 1259 1998 θἈπις

160 2037 363 2113 ἐβασίλευσεν
378 2034 428 2114 ἐτη
444 2034 477 2098 κέ
491 2034 542 2116 ὑφ’
558 2037 593 2099 οὗ
606 2034 699 2099 Ἀπία
717 2036 735 2114 ἡ
756 2037 993 2112 Πελοπόννησος
1016 2033 1134 2114 ἐκλήθη.
1172 2031 1258 2109 Quin

160 2134 330 2221 AEschylus
344 2134 413 2198 vult
428 2136 527 2222 Apim
544 2160 606 2201 non
626 2159 730 2224 regem
748 2136 963 2223 Sicyoniorum
979 2135 1085 2213 luisse,
1102 2134 1156 2200 sed
1171 2133 1258 2220 quod

159 2235 317 2321 regionem
338 2235 440 2298 noxiis
463 2237 568 2301 bestiis
591 2251 765 2324 purgasset,
788 2237 821 2300 in
840 2237 980 2301 beneficii
1000 2235 1118 2323 accepti
1141 2257 1259 2298 memo·

160 2335 237 2400 riam
254 2336 452 2421 AEgialenses
466 2336 506 2401 ab
521 2362 558 2401 eo
573 2352 686 2402 terram
704 2337 822 2423 Apiam
838 2361 962 2401 vocasse
983 2337 1015 2400 in
1038 2336 1173 2423 publicis
1186 2358 1261 2422 sup-

160 2437 393 2526 plicationibus,
409 2461 481 2523 quae
495 2456 587 2504 antea
602 2439 747 2527 AEgialea
761 2439 926 2503 diceretur.
961 2443 1126 2520 Αἰγιαλεῖς,
1139 2438 1262 2501 Ἀπιδα·

162 2547 231 2613 νεῖς,
263 2540 517 2620 Πελοποννήσιοι,
546 2540 638 2605 iidem
669 2556 752 2605 sunt.
790 2540 870 2604 Vide
899 2540 940 2604 sis
964 2541 1033 2604 Jos.
1056 2539 1204 2626 Scaliger.
1227 2538 1261 2602 in

161 2641 279 2705 Enseu
294 2640 467 2705 Animadv.
481 2659 535 2727 45.
561 2643 727 2706 STANL.

206 2746 279 2807 262.
298 2741 388 2810 Ἀπις
405 2747 464 2825 γὰρ
482 2746 579 2808 ἐλθὼν
593 2746 626 2807 ἐκ
647 2743 750 2829 πέρας]
775 2745 827 2808 Sic
850 2745 899 2808 M.
916 2745 999 2809 Rob.
1017 2743 1127 2829 steph.
1144 2758 1175 2807 et
1189 2745 1261 2806 Eu·

162 2843 294 2909 stathius
316 2843 357 2907 ad
384 2846 516 2933 Dionys.
540 2847 663 2933 Perieg.
683 2867 757 2926 4ι4.
780 2846 838 2910 nisi
858 2845 944 2932 quod
959 2844 1061 2913 Ἀπις.
1093 2845 1186 2912 Ἀπις
1203 2847 1262 2925 γδρ

163 2947 260 3008 ἐλθὼν
274 2948 308 3008 εἰε
325 2948 424 3029 χώρας
441 2947 516 3011 Ald.
530 2971 570 3012 ex
591 2947 788 3034 glossemate,
803 2972 868 3035 quo
882 2948 1033 3034 deeeptus
1047 2949 1150 3012 Turn.
1168 2945 1264 3010 verba

164 3047 354 3128 transposuit
364 3049 464 3128 χάρας
475 3051 533 3128 γὰρ
548 3046 747 3115 ἐλθὼνἈπις
762 3050 803 3111 ἐκ.
842 3048 1047 3112 Valckenario
1064 3050 1096 3110 in
1118 3045 1215 3110 schol.
1229 3045 1262 3108 in

165 3148 206 3209 N.
224 3148 266 3209 T.
282 3145 342 3209 vol.
362 3168 388 3209 1.
411 3170 441 3233 p.
458 3167 533 3233 331·
548 3147 745 3211 scribendum
762 3148 927 3211 videbatur
936 3146 1027 3215 Ἀπις
1040 3152 1099 3229 γὰρ
1119 3148 1217 3210 ἐλθὸν
1231 3147 1263 3223 ἐξ

165 3249 243 3328 ἔρος.
259 3246 352 3327 πέρας
367 3245 441 3331 legit
453 3247 628 3326 scholiasta,
637 3248 693 3332 qui
710 3247 777 3311 lraec
788 3248 961 3324 annotavit,
973 3254 1025 3311 τοῦ
1035 3247 1170 3327 πέρατος.
1194 3247 1264 3309 ἆνε-

164 3351 288 3431 χρόνισε
313 3348 357 3410 δέ·
381 3353 439 3410 τῶν
461 3351 520 3428 γὰρ
544 3346 751 3428 Ἡρακλειδῶν
775 3349 864 3411 νανσὶ
893 3347 1064 3426 διαβάντων
1088 3349 1131 3412 είς
1150 3343 1265 3425 Ἀργος

165 3452 256 3514 οὕτως
270 3446 380 3526 ἐκλήθη
395 3451 581 3515 Ναύπακτος.

211 3549 284 3627 264.
314 3545 392 3625 τήνδ’
425 3547 604 3631 ἐκκαθαίρει]
636 3547 724 3625 τήνδε
754 3547 886 3627 καθαίρει
915 3548 992 3614 Ald.
1027 3547 1110 3624 τηνδὶ
1133 3545 1268 3623 καθαίρει

166 3651 271 3712 Τιιτιι.

210 3752 284 3833 265.
300 3747 351 3833 δὴ]
367 3751 400 3812 δὲ
415 3749 525 3814 Guels.
541 3749 620 3814 Ald.
637 3748 721 3811 Rob.

208 3856 346 3913 παλαιῶν
375 3849 520 3936 αἱμάτων]
554 3848 743 3925 Scholiasta,
773 3850 813 3916 ὡς
846 3855 907 3914 τῶν
934 3856 1065 3915 πολιτῶν
1095 3846 1276 3917 αι’ντοκτονη·

166 3950 294 4014 σάντων.

210 4054 282 4115 266.
297 4053 466 4138 χρανθεῖσ’]
483 4054 627 4138 χρανθεὶς
643 4052 756 4116 Guelf.
771 4051 848 4115 Ala

207 4151 316 4228 unam?
331 4155 402 4241 άκη]
427 4155 478 4219 Sic
495 4152 665 4220 emendavi
682 4152 870 4240 scripturam
891 4151 1033 4216 codicum
1048 4160 1082 4210 et
1096 4138 1184 4207 Ald-
1200 4139 1297 4202 Μ).

165 4255 298 4329 μηνεῖται
319 4254 384 4331 lan,
399 4277 438 4317 ex
454 4280 518 4341 qua
532 4258 646 4319 Tum.
669 4267 705 4317 et
729 4254 841 4340 steph.
864 4252 940 4332 μήνη
960 4253 1008 4314 καὶ
1028 4247 1103 4321 δάκη
1127 4240 1306 4302 sewum·

165 4349 277 4427 11¹1va
301 4352 355 4430 ἄκη
376 4352 484 4419 beluas
501 4357 581 4420 dicit
601 4353 745 4439 singulis
764 4353 923 4417 mensibus
943 4350 1068 4413 emissas
1087 4335 1314 4404 ulciffiendo·

166 4471 236 4511 rum
251 4448 400 4514 scelerum
414 4477 529 4520 cauam.

705 4574 768 4632 4¹
