2984 5054
528 346 596 409 AD
619 341 951 408 CHOEPHORAS.
1226 337 1291 400 483

232 512 380 595 βακχείας
394 512 500 599 κολὴς]
519 513 664 590 Electrae,
681 527 715 576 ut
730 510 856 575 videtur
870 507 1102 596 interpretibus.

234 613 308 699 699.
330 620 486 696 παροῦσαν
507 613 666 697 ἐγγράφει]
693 612 804 677 Lectio
819 611 940 687 vitiosa,
955 609 996 673 ad
1011 631 1107 694 quarn
1122 606 1291 694 expediere

190 712 263 776 dam
279 714 451 780 editoribus
462 716 537 780 nihil
550 714 668 804 profuit
680 715 813 778 obscura
824 712 984 777 annotatio
998 710 1179 789 scholiastae,
1190 708 1289 788 τάξον

191 815 284 894 αύπὴν
305 818 527 898 ἀφανισθεῖσαν
548 817 616 900 ἀρᾷ.
640 817 679 883 ὡς
699 815 773 897 πρὸς
796 814 830 877 τό
853 815 939 882 έλπίς
963 812 987 877 δ’
1011 812 1171 877 ἀπέδωκεν.
1217 811 1290 875 “In

192 917 340 1000 ἐγγράφει
354 919 449 983 latere
465 919 588 984 videtur
601 917 833 999 ἀναστρέφειν.”
855 917 1100 981 DOBRAEUS.

237 1035 310 1102 700.
325 1022 378 1085 οὖν
392 1022 476 1086 Rob.
499 1021 542 1086 δν
555 1022 606 1084 Μ.
624 1019 733 1084 Guelf.
756 1018 780 1083 ὀι
795 1017 871 1083 Ald.

238 1135 311 1203 704
327 1123 520 1208 δυσσεβείας]
535 1122 559 1186 δ’
575 1122 665 1187 addit
680 1122 805 1186 Portus.

238 1227 311 1305 706.
334 1225 574 1306 κατεξενωμένον
595 1224 681 1289 haud
703 1224 792 1289 aliter
813 1222 1050 1310 intelligendum
1070 1234 1128 1299 est,
1143 1242 1238 1307 quam
1254 1220 1294 1283 de

193 1322 340 1412 hospitio,
354 1350 420 1413 quo
433 1328 537 1393 fuerat
552 1328 637 1416 apud
654 1326 925 1414 Clytaemnestram
942 1338 1101 1411 exceptus,
1115 1322 1202 1410 quod
1221 1343 1295 1386 sane

194 1427 348 1506 violasset,
369 1431 394 1493 si
418 1446 510 1517 grata
535 1429 651 1518 potius,
677 1451 773 1515 quarn
797 1451 870 1492 vera
892 1442 1054 1492 narrasset.
1099 1427 1183 1489 Nam
1206 1423 1293 1510 quod

194 1529 287 1593 etiam
302 1530 343 1595 de
359 1532 498 1619 Strophii
513 1533 650 1622 hospitio
664 1531 761 1618 accipi
776 1554 866 1618 posse
879 1543 972 1618 putat
986 1527 1190 1603 Aboeschius,
1206 1524 1294 1613 quod

195 1632 317 1711 nuntio,
333 1635 357 1697 si
380 1637 550 1723 peregisset
570 1635 717 1699 mandata
732 1634 771 1699 de
790 1638 910 1712 Oreste,
925 1631 1091 1697 revertenti
1111 1653 1147 1694 ac
1170 1651 1294 1714 respou-

194 1757 264 1798 sum
287 1736 431 1801 referenti
454 1739 616 1816 obtulerit,
631 1739 663 1803 id
682 1739 771 1825 justo
792 1735 938 1801 subtilius
959 1748 1016 1811 est,
1031 1731 1181 1808 ataldus,
1197 1752 1293 1817 quam

195 1836 294 1918 decet,
309 1841 487 1927 repetitum.
518 1844 666 1906 Ceterum
684 1839 816 1905 uthica
833 1840 1082 1925 Clytaemnestra,
1099 1835 1142 1898 sic
1156 1857 1176 1897 a
1188 1833 1294 1921 paeda-

195 1963 279 2027 gogo
293 1943 489 2029 accipiuntur
504 1944 641 2030 hospites
654 1966 706 2030 ap.
723 1941 837 2028 Eurip.
850 1940 967 2005 Electr.
980 1962 1010 2003 υ.
1022 1952 1097 2022 359.
1110 1960 1178 2024 sqq.
1203 1938 1296 2000 Com·

196 2043 355 2129 parandus
369 2045 461 2109 etiam
479 2046 649 2133 Sophocles
663 2046 782 2109 Electr.
797 2066 827 2107 v.
844 2044 919 2126 766.
934 2066 1002 2130 sqq.
1027 2043 1129 2106 SCH.

241 2159 314 2228 707.
330 2147 431 2230 ἀξίως]
458 2146 664 2210 Scribendum
680 2148 770 2226 ἀξίων
784 2168 856 2210 cum
881 2145 1020 2210 Pauwio.
1055 2150 1115 2209 τῶν
1134 2167 1185 2209 σοι
1206 2141 1298 2224 ἀξίων

197 2252 289 2327 τιμῶν
302 2246 524 2336 interpretatur
539 2248 711 2313 scholiasta.

241 2364 313 2434 709.
329 2350 483 2437 ἀγγελῶν]
501 2351 662 2432 ἀγγέλλων
677 2350 760 2413 Rob.

241 2467 314 2534 710.
325 2453 468 2534 ἡμερεύω,
486 2454 551 2516 Ρστ
566 2454 648 2516 dum
663 2453 785 2538 aliquid
796 2455 895 2536 socio.
934 2451 1150 2515 Antiatticista
1163 2471 1213 2536 ap.
1229 2447 1294 2512 Vil-

197 2551 305 2616 loison.
330 2551 452 2618 Anecd.
475 2556 534 2619 Gr.
560 2555 619 2617 vul.
642 2573 671 2616 2.
697 2576 726 2640 p.
744 2556 795 2618 80.
819 2554 885 2617 ἀντὶ
908 2557 960 2616 τοῦ
986 2556 1093 2630 εἰπεῖν,
1118 2557 1220 2616 πᾶσαν
1243 2551 1297 2631 τὴν

198 2657 288 2721 νύκτα
309 2658 380 2739 περί
398 2682 426 2721 τι
445 2659 612 2731 ἀναλίσκει,
634 2659 846 2740 διανυκτερεύει
867 2658 936 2739 περί
954 2683 982 2720 τι
1009 2656 1144 2737 λέγουσι,
1166 2656 1215 2720 καὶ
1236 2660 1298 2719 δια-

198 2765 331 2841 γρνπνεῖ·
354 2762 428 2823 οὕτω
451 2762 500 2824 καὶ
518 2763 709 2842 διημερεύειν,
726 2761 792 2825 ἀντὶ
810 2765 862 2823 τοῦ
876 2764 979 2824 πᾶσαν
993 2758 1047 2837 τὴν
1060 2758 1172 2840 ἡμέραν
1187 2759 1257 2841 περί
1268 2783 1297 2822 τι

199 2863 384 2926 ἀναλίσκειν.
421 2860 536 2926 Pollux
554 2864 582 2926 I.
599 2864 650 2942 64.
668 2863 702 2926 τό
722 2861 757 2926 δι’
773 2863 847 2942 ὅλης
867 2888 896 2926 τι
917 2866 1025 2944 πρᾶξαι
1044 2860 1155 2943 ἡμέρας
1175 2863 1297 2943 ἡμερεΰ-

199 2989 265 3043 σιιι,
284 2966 333 3028 καὶ
354 2968 552 3045 διημερεύσαι.
581 2965 646 3027 οἶον
666 2966 794 3028 ἐπὶτῶν
814 2968 978 3044 βαναύσων
999 2967 1016 3027 ὁ
1037 2963 1169 3028 Πλάτων
1189 2967 1295 3045 εἴρηκε,

200 3066 282 3147 Πρὸς
295 3072 353 3148 πῦρ
366 3068 572 3148 ἡμερεύοντας.
604 3064 752 3131 Similiter
764 3068 945 3155 Xenophon
962 3069 1036 3132 OEc.
1048 3087 1081 3147 4,
1098 3083 1127 3130 2.
1152 3065 1298 3152 Sophocl.

200 3168 253 3233 El.
271 3170 345 3251 786.
369 3175 423 3233 νῦν
445 3168 538 3248 έκηλά
559 3195 627 3242 που,
642 3175 712 3233 Τιδν
726 3169 808 3248 τῆσδ’
825 3171 957 3235 ἀπειλῶν
971 3167 1069 3252 οὕνεχ’
1084 3170 1298 3250 ἡμερεύσομεν.

201 3270 283 3334 Satis
297 3270 376 3336 bene
386 3292 494 3356 margo
506 3270 576 3334 libri
590 3271 798 3350 Mittordiani,
815 3281 837 3311 ‘⁴
848 3274 904 3358 qui
918 3282 973 3337 ont
973 3273 1049 3358 fall
1059 3274 1129 3335 ίσιιτ
1131 3271 1300 3356 juramen?

201 3370 357 3436 Notabilis
368 3387 413 3437 est
425 3372 614 3438 constructio
625 3375 819 3456 ἡμερεύοντος
829 3378 941 3455 μακρᾶς
955 3375 1106 3437 κελεύθου.
1122 3374 1299 3436 BLOMF.

201 3473 364 3539 Genitivos
378 3496 440 3538 nou
455 3489 563 3561 putem
579 3477 644 3563 regi
659 3475 700 3540 ab
714 3477 876 3557 ἡμερεύειν,
893 3473 947 3537 sed
965 3474 1006 3539 ab
1020 3473 1142 3560 adjecto
1156 3478 1193 3539 τὰ
1207 3479 1300 3556 πρόσ-

201 3585 291 3658 φορα,
307 3590 403 3662 atquc
416 3576 644 3643 distinctionem
661 3578 838 3644 tollendam.
870 3574 992 3640 Firmat
1006 3597 1056 3639 me
1070 3575 1102 3639 in
1117 3575 1176 3639 ista
1190 3575 1300 3662 opina·

202 3679 285 3744 tione
306 3679 420 3766 Eurip.
436 3680 513 3744 Hel.
529 3704 556 3745 v.
571 3702 646 3768 515.
671 3682 725 3747 ubi
746 3679 815 3768 pari
837 3679 956 3745 ratione
977 3679 1129 3744 hebernus
1150 3684 1188 3744 τδ
1208 3681 1302 3762 πρόσ-

201 3790 281 3863 φορα
292 3785 342 3860 τῆς
357 3787 411 3845 νῦν
424 3785 574 3864 παρούσης
589 3791 754 3868 συμφορᾶς.
778 3785 882 3870 Supra
893 3807 925 3846 v.
938 3783 1010 3847 668.
1027 3784 1128 3847 πόνων
1143 3782 1301 3864 θελκτήρια

201 3882 324 3947 dixerat
339 3906 430 3947 sensu
447 3905 508 3948 non
525 3885 660 3950 multum
675 3886 809 3950 diverso.
832 3885 1063 3949 ABRESCH.

244 4001 425 4067 712—714.
448 3984 598 4073 leguntur
620 3988 651 4051 in
675 3990 724 4052 M.
742 3987 873 4074 Steph.:
897 3988 1012 4051 absunt
1034 3986 1074 4050 ab
1094 3986 1203 4052 Guelf.
1221 3986 1298 4051 Ald.

203 4088 286 4151 Rob.
304 4089 409 4151 Turn.

245 4207 318 4274 713.
340 4191 538 4275 ὀπισθόπους]
564 4189 788 4255 Hallucinatur
812 4190 967 4255 Stanleius
981 4193 1162 4258 ὀπισθόπους
1177 4206 1300 4256 vertens

199 4292 412 4379 pedissequas,
427 4293 611 4358 obversante
632 4294 743 4382 opinor
764 4292 832 4357 loco
851 4293 966 4381 Eurip.
984 4294 1115 4381 Hippol.
1132 4318 1161 4356 v.
1177 4311 1230 4378 54.
1246 4319 1302 4357 πο-

202 4396 258 4461 λὺς
280 4394 326 4473 ἀμ’
344 4396 421 4480 αὐτῷ
442 4398 625 4477 προσπόλων
650 4396 831 4463 ὀπισθόπους
851 4401 945 4473 κῶμος
964 4396 1088 4467 λέλακε,
1109 4410 1141 4458 et
1161 4417 1192 4458 v.
1208 4411 1299 4479 1179.

203 4499 384 4566 ὀπισθόπους
398 4500 498 4578 φίλων
512 4499 660 4580 ὁμήγυρις.
683 4499 800 4561 νοτιτιις
816 4495 925 4560 eadem
940 4495 989 4560 hic
1000 4497 1025 4560 si
1040 4495 1194 4561 obtineret
1208 4494 1304 4584 signi-

733 4618 751 4681 3
771 4616 823 4663 aa
