2984 5054
510 336 578 399 ΑΙ)
602 336 869 402 SUPPLICES.
1177 335 1241 407 619

183 501 256 582 674.
280 499 304 564 δ’
326 502 452 584 ἐφόρους
474 504 540 590 γᾶς]
562 503 585 568 δ’
607 503 654 586 ἐφ’
671 507 766 587 ὀργᾶς
781 504 857 569 Ald.
881 502 905 567 δ’
923 505 1070 586 ἐμφόρονς
1084 509 1141 585 γᾶς
1156 506 1240 570 Rob.

140 603 157 660 δ
191 600 319 690 εὗόργως
343 603 446 669 Turn.
481 608 607 688 ἐφόρους
630 606 706 692 legit
735 605 908 682 scholiasta,
934 603 990 689 qui
1020 627 1076 690 pet·
1101 612 1242 684 βασιλεῖς

138 702 283 788 explicat.
330 708 442 771 Veram
466 708 652 794 scripturam
670 711 702 773 δὲ
718 709 826 790 φόρους
842 711 896 788 γᾶς
911 706 1047 769 restituit
1062 705 1240 771 Abrensius

143 825 174 888 p.
192 806 241 868 26.

184 909 257 988 677.
280 910 390 992 λόχους
407 910 490 973 Rob.
507 932 546 973 ex
563 911 743 995 conjectura
757 924 789 973 et
805 910 914 996 Steph.
937 912 1047 991 λόγους
1068 908 1189 974 codices
1210 924 1243 974 et

143 1005 220 1069 Ald.
239 1009 343 1071 Tum.

185 1110 259 1189 678.
288 1109 363 1188 μηδέ
392 1134 435 1176 τις
461 1110 622 1191 ἀνδροκμὴς
651 1110 753 1193 λοιγὸς
777 1110 941 1197 ἐπελθέτω]
968 1111 1122 1190 Quoniam
1150 1135 1241 1176 versu

142 1210 337 1295 praecedente
359 1226 468 1297 partus
488 1211 653 1275 mulierum
671 1213 776 1276 felices
790 1228 955 1298 optaverat
968 1213 1094 1291 chorus,
1110 1236 1243 1298 sequen-

142 1310 226 1374 tibus
241 1326 345 1375 autem
362 1311 520 1376 versiculis
541 1336 573 1376 v.
590 1314 663 1395 684.
681 1336 725 1399 sq.
749 1315 927 1378 morborum
951 1315 1109 1378 cohortem
1132 1314 1243 1402 depre-

141 1426 239 1490 catur,
256 1415 441 1494 ἀνδροκμῆτα
454 1414 561 1495 λοιγὸν
575 1436 636 1477 που
653 1413 692 1477 de
712 1414 784 1478 belli
804 1414 988 1489 calamitate,
1004 1414 1124 1502 quippe
1146 1438 1242 1501 quam

138 1513 205 1597 jam
222 1537 252 1578 v.
267 1516 341 1578 661.
358 1536 426 1600 sqq.
441 1528 601 1577 aversatus
615 1514 730 1593 fuerat,
747 1514 800 1578 sed
817 1515 922 1601 potius
943 1515 983 1578 de
1006 1531 1092 1602 peste
1114 1515 1242 1602 accipio.

144 1616 242 1679 SCH.

186 1717 260 1780 68ι.
284 1718 396 1798 όχορον
411 1716 559 1800 ἀκίθαριν]
584 1718 692 1799 ᾶχορος
715 1717 825 1797 κίθαρις
847 1714 928 1793 libri,
945 1715 1004 1779 nisi
1025 1717 1112 1803 quod
1135 1719 1244 1801 όχορος

144 1818 262 1900 κιθόρης
286 1821 392 1881 Turn.
437 1819 550 1880 Veram
577 1817 761 1902 scripturam
788 1820 948 1882 Porsonus
973 1818 1108 1883 restituit
1133 1843 1150 1882 e
1176 1817 1244 1883 loco

142 1918 242 1982 lacero
258 1919 419 1983 Plutarchi
435 1921 525 1982 Erot.
541 1941 573 2004 p.
591 1918 653 2003 758
670 1921 711 1983 Ε.
729 1920 783 1983 ubi
799 1922 908 2002 ἄχαριν
924 1922 1068 2003 ἀκίθαριν.

187 2023 260 2084 682.
271 2020 361 2105 Ἀρη]
371 2020 468 2102 'quu
483 2020 568 2084 Rob.

186 2123 260 2206 683.
282 2124 306 2183 r'
330 2122 456 2201 ἔνδημον
477 2121 633 2185 Pauwius
657 2148 689 2187 τε
712 2127 805 2203 δῆμον
820 2125 870 2187 Μ.
886 2122 966 2186 Ald.
989 2150 1022 2188 τε
1044 2123 1143 2203 δήμων
1158 2123 1242 2186 Rob.

145 2223 249 2285 Turn.

187 2325 362 2410 ἐξοπλίζων]
380 2323 434 2401 ἔξω
449 2326 559 2399 παίζων
574 2324 656 2388 libri.
703 2325 915 2389 Emendatum
932 2348 971 2388 ex
988 2323 1171 2389 Plutarcho.

188 2425 289 2489 Pestis
303 2448 375 2489 oum
386 2425 503 2490 dicitur
514 2428 713 2508 δακρυογόνον
725 2425 802 2508 Ἀρη
814 2428 990 2504 ἐξοπλίζειν,
1001 2442 1105 2511 posset
1117 2425 1244 2511 quidem

145 2527 188 2591 sic
214 2526 355 2612 intelligi,
376 2527 461 2613 quod
485 2550 521 2591 ea
544 2527 733 2591 occasionem
761 2527 814 2591 det
837 2526 979 2590 hostibus
1003 2527 1159 2591 civitatem
1186 2528 1246 2591 hoc

146 2628 228 2692 malo
248 2629 440 2694 debilitatam
464 2644 495 2692 et
517 2628 648 2693 fractam
671 2628 753 2692 bello
775 2628 999 2714 persequendi3
1027 2644 1163 2693 attamen
1187 2629 1247 2694 hoc

146 2731 252 2817 paullo
267 2731 415 2795 remotius
429 2731 470 2794 ab
485 2730 632 2794 orationis
652 2730 778 2794 consilio
801 2745 832 2793 et
855 2751 936 2793 nexu
958 2730 1093 2795 videtur.
1138 2731 1248 2818 Aptis-

146 2834 258 2897 simum
285 2833 381 2919 igitur
410 2833 505 2898 fuerit
530 2832 608 2914 Ἀρη
633 2834 833 2914 δακρυογόνον
862 2831 903 2894 de
928 2832 1103 2894 miserabili
1128 2835 1246 2896 ciuium

144 2944 263 3021 strage,
275 2957 493 3022 praegravem
507 2936 722 3021 pestilentiam
735 2956 795 2997 non
812 2931 911 3019 magis
926 2955 1020 3020 quam
1038 2932 1110 2996 belli
1125 2934 1248 2997 calami-

146 3050 240 3099 tatem
257 3053 417 3121 sequatur,
433 3035 615 3121 intelligere.
662 3035 713 3098 Sic
735 3033 815 3097 enim
841 3034 1011 3119 Sophocles
1031 3035 1248 3120 quoque'qu

147 3137 288 3200 Martem
305 3159 363 3223 pro
378 3148 464 3222 peste
478 3136 602 3222 posuit;
627 3135 741 3220 OEdip.
758 3137 837 3222 Tyr.
855 3158 883 3198 v.
898 3156 969 3220 190.
994 3137 1094 3199 SCH.

190 3241 265 3318 684.
281 3237 411 3321 νούσων]
430 3238 529 3299 νόσων
543 3235 649 3322 potius
663 3235 860 3299 scribendum
877 3235 975 3299 videri
991 3234 1057 3298 dixi
1072 3235 1104 3298 in
1120 3246 1248 3297 annota-

147 3341 230 3405 tione
244 3339 284 3402 ad
302 3341 388 3425 Sept.
404 3362 432 3402 c.
448 3337 554 3401 Theb.
570 3358 606 3423 3¹
614 3352 647 3423 5.

190 3443 213 3507 δ’
231 3441 335 3525 ἑσμὸς]
353 3439 462 3519 δεσμὸς
477 3439 584 3502 Guell.
601 3438 679 3502 Ald.
695 3438 779 3502 Rob.
803 3437 826 3501 δ’
845 3438 936 3518 ἐσμὸς
952 3439 1055 3501 Turn.
1073 3436 1182 3523 steph.

190 3547 266 3628 685.
284 3542 406 3624 κρότους
423 3543 527 3604 Turn.
544 3540 653 3628 Steph.
669 3563 708 3603 ex
729 3540 928 3604 annotatione
944 3540 1116 3604 scholiastae
1130 3540 1249 3602 ἄπωθεν

147 3656 200 3714 τοῦ
222 3649 344 3731 κρότους
365 3652 424 3710 τῶν
446 3647 556 3710 ἆστῶν.
581 3645 685 3726 κράτος
698 3643 821 3709 codices
835 3659 867 3711 et
883 3644 959 3707 Altl.
977 3644 1060 3708 Rob.
1107 3642 1249 3707 Scriben-

148 3753 224 3816 dum
250 3750 355 3832 κρατὸς
380 3770 451 3812 cum
481 3749 582 3810 Henr.
606 3744 725 3809 Vossio.
771 3745 930 3812 “Eadem
955 3743 1127 3808 rationein
1150 3742 1247 3830 Soph.

149 3853 226 3917 OEd.
244 3854 286 3916 R.
304 3854 377 3934 265.
402 3854 456 3913 νῦν
478 3848 504 3911 δ’
522 3848 553 3914 ἐς
575 3847 609 3909 τὸ
633 3846 730 3909 κείνου
752 3845 830 3926 κρᾶτ’
848 3845 1003 3925 ἐνήλαθ’ίγ
1024 3846 1107 3925 τύχη.
1153 3842 1248 3906 Confa

149 3955 262 4041 Antig.
277 3970 370 4038 1253.
390 3949 500 4036 1322.”
523 3947 730 4011 AHRENS.
746 3969 778 4033 p.
796 3964 848 4028 27.

191 4061 267 4140 687.
291 4059 307 4119 ὁ
322 4057 447 4119 Λύκειος
470 4048 635 4116 Stanleius.
657 4051 775 4117 όλύκιος
789 4048 838 4114 vel
858 4051 976 4116 όλθκιος
990 4046 1071 4126 libri,
1087 4044 1145 4109 nisi
1161 4043 1249 4132 quod

147 4162 255 4239 ὄλβιος
269 4181 308 4221 ex
325 4159 398 4220 Par.
414 4152 555 4241 affertpr.

192 4262 264 4324 688.
280 4259 378 4345 πόσα]
394 4262 497 4321 πᾶσαν
512 4253 620 4320 Gttelf.
637 4251 713 4317 Ald.

192 4365 327 4451 νεολαίᾳ]
345 4353 467 4450 »condar
482 4366 532 4428 Μ.
557 4363 667 4446 archia
681 4358 756 4427 Altl.
781 4360 889 4444 νεολέᾳ
904 4357 990 4421 Rob.

193 4466 384 4554 καρποτελεῖ]
402 4466 606 4541 scribendum
624 4467 790 4544 καρποτελῆ
804 4483 875 4525 cnm
893 4456 1040 4523 Stanleio.

654 4580 741 4644 412
