2984 5054
248 334 313 398 582
611 331 989 396 ANNOTATIONES

296 522 369 567 100.
389 505 446 568 τῶν
463 503 589 566 όποινον
610 500 779 585 δαιμονίων]
803 500 914 565 Lectio
928 498 1048 564 vitiosa.
1086 497 1191 562 Verba
1203 495 1355 583 proxima

250 603 384 692 explicat
399 603 573 682 scholiasta,
587 603 622 666 τὸ
637 604 670 667 δὲ
684 604 823 684 φρόνημα
837 603 935 679 αὐτοῦ,
950 601 1000 665 tut
1013 606 1073 665 τῶν
1083 603 1183 683 δγνῶν
1197 597 1352 681 έδροιτμό-

250 731 310 770 των
336 705 496 788 ἐφήμενον,
526 703 669 784 ἐξέπραξε
698 704 751 769 τδν
774 704 888 768 σκοπὸν
915 706 1019 768 ἑαυτοῦ
1045 702 1170 767 αι’ντόθεν
1197 700 1257 766 dard
1288 707 1353 766 τῶν

250 811 352 890 ἁγνῶν
366 806 567 889 ἑδραομότων,
583 808 601 869 ὅ
616 808 681 870 ἐστι
702 810 754 870 τοῦ
774 807 909 888 οὐρανοῦ.
947 803 1082 871 Ἀλλως.
1103 800 1122 882 ἢ
1143 802 1178 866 τδ
1194 803 1255 866 dno
1272 804 1354 884 ίδρό-

249 935 353 990 μενον,
368 907 386 988 ῆ
401 909 434 972 τὸ
450 911 576 990 ἑδραῖον.

297 1031 366 1076 ιον,
384 1009 444 1096 ἐφ’]
460 1009 513 1092 δφ’
533 1008 632 1073 codex
649 1012 693 1092 (?)
711 1008 902 1095 Spnnhemii.
940 1010 1052 1085 “Quae
1074 1029 1149 1070 vera
1167 1028 1233 1070 ease
1253 1004 1353 1070 lectio

250 1113 384 1179 videtur.
408 1111 502 1175 Conf.
516 1113 614 1175 Hom.
627 1111 689 1176 Od.
700 1130 749 1196 13,
758 1114 811 1196 56.
827 1111 952 1176 αὐτόθεν
967 1113 999 1190 ἐξ
1014 1109 1133 1192 ἑδρέων.
1148 1124 1181 1173 et
1195 1107 1350 1173 Schaefer.

250 1215 291 1280 ad
307 1215 442 1279 Theocr.
460 1229 512 1299 25,
531 1230 601 1296 170.
616 1212 745 1296 Ἀργεος
767 1216 799 1293 ἐξ
822 1216 912 1295 ίεροῶο
934 1213 1087 1278 αὐτόθεν.”
1107 1214 1143 1276 J.
1159 1211 1350 1276 WORDS·

251 1317 446 1382 WORTH.
460 1315 493 1379 in
507 1316 559 1380 tlte
574 1316 690 1381 Pttlot.
705 1317 856 1380 Murcum
871 1315 930 1379 vol.
950 1336 979 1379 1.
994 1337 1026 1402 p.
1039 1334 1111 1382 211.

296 1438 368 1504 103.
385 1420 439 1502 είς]
458 1420 489 1485 ἐς
502 1417 582 1482 libri.

296 1540 368 1602 104.
383 1522 432 1605 οία
448 1519 641 1584 Schuetziua
663 1521 713 1584 οἶα
727 1519 807 1585 libri.

293 1622 422 1707 πυθμὴν]
451 1621 635 1699 Scholiasta,
659 1623 678 1702 ῆ
699 1622 764 1704 ῥίζα
788 1628 847 1687 τῶν
869 1622 1053 1702 πεντήκοντα
1077 1623 1201 1700 παίδων,
1224 1621 1242 1683 ό
1263 1621 1352 1684 ἔστιν

250 1728 400 1809 Αίγνπτος
414 1726 512 1793 οὗτός.

295 1847 369 1912 105.
385 1825 420 1888 τδ
432 1825 546 1892 θόλλος
557 1826 728 1889 Porsonus.
752 1826 787 1889 τὸ
801 1825 895 1893 θόλος
910 1824 991 1890 libri.
1015 1822 1245 1911 corrigendum
1260 1827 1351 1887 τεθα-

250 1930 311 1997 λῶς
321 1949 393 1992 cum
410 1927 544 1991 Botbio:
568 1927 660 2013 cujus
673 1927 920 1993 emendationem
942 1928 1104 1993 confirmat
1123 1925 1298 2004 scholiasta,
1313 1926 1351 1991 ot

250 2032 390 2113 φόλλοις,
406 2029 488 2093 όλλδ
501 2032 537 2116 τῆ
551 2030 638 2114 ἀνοία
658 2035 718 2095 τῶν
737 2032 851 2096 παίδων
866 2033 980 2105 έαντοῶ,
997 2030 1046 2095 καὶ
1060 2029 1193 2095 διάνοιαν
1205 2029 1350 2108 μαινόλιν

251 2130 339 2215 έχων
362 2130 437 2211 ὅπερ
452 2130 517 2194 ἐστὶ
532 2129 655 2211 κέντρον
668 2131 811 2212 όφνκτον.

297 2251 367 2316 109.
382 2232 534 2317 μαινόλιν]
548 2234 673 2313 μενόλιν
688 2233 736 2297 Μ.
754 2233 862 2298 Guelf.
878 2232 955 2298 Ald.
971 2233 1057 2297 Rob.

296 2355 367 2399 110.
382 2336 469 2421 όταν]
484 2336 541 2421 ἄτᾳ
555 2335 605 2400 Μ.
622 2334 732 2422 Steph.

294 2436 407 2526 ῶπότᾳ]
431 2437 476 2502 ἐπ’
492 2439 549 2523 ἄτᾳ
562 2437 628 2502 duo
641 2437 732 2502 codd.
749 2437 938 2524 Spanhemii.
977 2439 1051 2501 Hoc
1066 2438 1224 2501 Pearsono
1237 2435 1351 2500 tribuit

252 2538 411 2604 Butlerus.

298 2663 370 2706 111.
386 2641 544 2727 θρεομένα]
560 2644 705 2725 θρεβομία
723 2642 795 2726 (hoc
808 2656 856 2706 est
869 2641 1056 2724 θρεβομέναι
1080 2640 1163 2707 conf.
1177 2640 1217 2704 ad
1233 2664 1265 2704 v.
1279 2642 1349 2727 63.)

251 2742 331 2809 Ald.
347 2743 431 2807 unde
446 2743 611 2825 θρενομένα
625 2745 729 2808 Τωτπ.

294 2845 375 2928 λέγω
399 2844 564 2910 Stanleiua.
596 2845 697 2926 λέγων
718 2843 799 2923 libri,
815 2845 873 2910 nisi
887 2845 973 2932 quod
996 2852 1095 2930 λεγῶν
1109 2845 1187 2910 Ald.
1222 2847 1351 2928 γεγόνει

253 2948 357 3011 Turn.
381 2944 587 3010 Scribendnm
602 2944 626 3009 δ’
643 2947 702 3028 eya
716 2969 788 3011 cum
804 2948 934 3034 Engero
947 2970 979 3034 p.
995 2963 1048 3030 72.
1062 2961 1094 3012 et
1107 2961 1260 3013 commata
1275 2958 1350 3033 post

251 3052 433 3130 δακρυοπετῆ
446 3060 479 3112 et
494 3049 522 3129 ίῆ
538 3048 567 3128 ἰὴ
581 3047 735 3135 ponenda.

298 3169 369 3231 114
391 3150 584 3235 δακρυοπετῆ]
609 3149 791 3230 Scholiasta,
815 3155 1075 3233 παρασκευαστικδ
1095 3156 1148 3215 τοῦ
1167 3152 1288 3217 πίπτειν
1309 3155 1349 3216 τὰ

252 3249 362 3333 δόκρνα
375 3257 435 3316 τῶν
449 3252 627 3316 ἀκουόντων.

298 3356 368 3419 116.
385 3355 463 3418 Post
478 3357 610 3436 ἐμπρεπῆ
624 3353 655 3418 in
671 3353 758 3418 libris
772 3354 921 3442 leguntur
931 3355 1025 3420 verba
1039 3378 1078 3419 ex
1089 3378 1117 3419 v.
1131 3375 1202 3419 111.
1216 3354 1352 3441 repetita

252 3455 396 3536 θρεομένη
411 3453 589 3539 (θρενομένη
604 3457 726 3538 Tum.)
741 3457 828 3536 μέλη,
844 3480 918 3543 quae
931 3456 1047 3522 delevit
1062 3459 1231 3522 Porsonus.

294 3563 375 3634 ζῶσα
394 3555 476 3639 γόοις
495 3582 534 3637 με
555 3557 640 3644 τιμᾷ]
665 3556 836 3622 Scholiasta
853 3585 900 3641 γρ.
917 3560 1031 3634 (docco
1046 3560 1091 3627 οἷς
1110 3585 1148 3640 με
1167 3563 1245 3639 τιμῶ,
1260 3560 1351 3646 quod

252 3657 329 3723 nihil
344 3658 431 3723 aliud
445 3671 492 3723 est
507 3681 602 3746 quam
618 3665 699 3735 ζῶσα
712 3661 795 3741 γόοις
808 3684 847 3740 με
860 3663 939 3739 τίμα.

293 3786 332 3841 με
346 3762 415 3844 τιμῆ
431 3760 542 3847 Steph.
574 3786 613 3842 με
626 3766 699 3841 τιμῶ
722 3762 772 3826 M.
787 3763 860 3825 Par.
876 3760 984 3826 Guelf.
998 3761 1077 3826 Atd.
1090 3761 1178 3849 quod
1199 3784 1350 3827 revocan-

251 3865 339 3930 dum.
360 3889 399 3944 με
412 3870 503 3944 τιμῶν
518 3863 602 3927 Rob.
625 3861 689 3944 μεθ
704 3865 786 3944 ἡμῶν
801 3865 907 3928 Τωτα.
931 3871 951 3900 “
964 3866 1159 3950 Corruptum
1175 3863 1298 3929 ridetur
1311 3891 1352 3944 με

251 3974 331 4046 τιμῶ.
370 3965 426 4029 Ad
449 3965 633 4030 sententiam
654 3964 742 4049 quod
764 3967 887 4044 attinet,
901 3980 1099 4053 comparetur
1120 3967 1237 4053 Agam.
1257 3985 1352 4051 1293.

253 4070 347 4133 είπεΐν
366 4071 455 4149 ῥῆσιν
472 4065 490 4148 ῆ
510 4071 619 4149 θρῆνον
634 4064 713 4129 θέλω
734 4065 807 4145 ἐμὸν
820 4066 874 4130 τὸν
894 4066 992 4146 αὐτῆς.
1015 4081 1132 4132 etcum
1148 4067 1252 4132 verbis
1269 4072 1353 4143 ζῶσα

251 4171 334 4251 γόοις
356 4170 453 4234 Hom.
470 4168 504 4232 Il.
523 4168 552 4246 6,
568 4185 644 4252 500.
667 4169 699 4231 αί
718 4169 776 4246 μὲν
797 4167 841 4232 ἔτι
862 4167 937 4243 ζωὸν
955 4170 1030 4250 γόον
1044 4167 1185 4252 Ἕκτορα.
1208 4169 1264 4234 ubi
1285 4169 1350 4234 vid.

253 4270 428 4337 Clarkius.”
443 4269 810 4335 WORDSWORTH.
832 4268 947 4351 μέτειμι
959 4272 1125 4336 Canterus.

297 4392 369 4459 117.
386 4373 515 4458 ίλέομαι]
530 4373 676 4460 Supplex
696 4374 829 4461 imploro
843 4374 961 4462 Αρίοπι
983 4385 1114 4453 unam,
1128 4375 1151 4442 i.
1161 4399 1189 4442 e.
1209 4390 1353 4464 metony-

250 4477 330 4544 mice
337 4477 506 4564 Argivom,
515 4475 614 4541 simut
625 4484 663 4541 ut
676 4476 846 4542 barbaram
857 4479 1031 4544 orationem
1044 4480 1127 4566 ωρνὲ
1140 4479 1272 4567 δοαίραι
1281 4499 1355 4544 con-
