2984 5054
350 363 589 428 ADDENDA
612 363 677 426 ΕΤ
702 361 1028 426 CORRIGENDA.
1177 357 1242 421 643

187 544 221 609 P.
237 546 310 626 467.
327 566 356 606 v.
372 558 449 628 455,
467 560 495 605 2.
512 540 617 627 σίνιάν]
633 542 730 604 αὐτῶν

186 649 224 710 Ρ.
239 646 315 727 468.
339 668 368 708 v.
385 661 461 727 474,
480 664 511 729 3.
534 642 634 707 adde:
657 641 711 705 Ad
733 655 911 728 corruptam
936 640 1120 726 scripturam
1147 637 1241 702 libro·

143 771 213 813 rum
225 747 355 835 propius
365 746 484 811 accedit
495 745 530 810 δι’
543 746 627 825 ὠμὰν
643 746 706 826 ἔριν
720 743 892 826 αἱματηράν,
904 742 990 827 quod
1006 741 1130 828 conjicit
1143 739 1241 805 Klau-

143 874 255 915 scmus.

186 988 315 1002 ---
331 974 361 1014 v.
378 951 451 1032 484.
479 949 654 1035 εὐδείπνοις]
682 947 863 1034 Respicitur
888 947 929 1010 ad
955 948 1104 1024 sibetuna,
1127 945 1242 1009 sacrifi-

144 1054 226 1118 cium
242 1053 328 1140 apud
345 1053 554 1118 Athenienses
571 1052 761 1116 celebratum
783 1051 816 1114 in
838 1049 987 1113 honorem
1001 1047 1242 1112 defunctorum:

144 1155 185 1220 de
199 1179 264 1243 quo
274 1179 305 1220 v.
321 1153 405 1219 locos
419 1155 694 1242 grammaticorum
707 1155 738 1218 in
753 1153 919 1218 Thesauro
931 1151 1081 1238 Stephani
1093 1150 1245 1215 indicatos

145 1256 205 1321 vol.
222 1278 252 1344 3.
269 1281 298 1344 p.
316 1277 412 1343 2219.
427 1259 476 1322 ed.
493 1261 566 1323 Pur.
590 1258 719 1323 Monuit
735 1254 951 1321 Blomfieldus.

190 1361 226 1423 P.
243 1378 319 1442 470,
335 1384 364 1424 v.
379 1376 455 1445 532,
472 1379 502 1440 4.
526 1359 624 1424 addo:
649 1360 700 1424 Sic
715 1362 804 1440 λιβός
826 1381 884 1447 pro
898 1361 1004 1438 λίβσνς
1018 1355 1167 1441 scriptum
1183 1354 1245 1418 fuit

146 1485 178 1526 v.
194 1480 268 1545 292.

191 1599 319 1614 -—--
335 1587 364 1628 v.
380 1583 454 1650 535.
478 1563 613 1649 reliqui]
636 1562 765 1650 reliqui:
792 1562 875 1627 unde
891 1562 1058 1644 κέκλαγγεν
1072 1560 1248 1625 Ahrensius

147 1667 177 1731 in
195 1668 337 1732 Censura
350 1691 384 1754 p.
399 1683 473 1752 551.

191 1805 320 1820 ·-—-
342 1794 371 1833 v.
387 1772 461 1856 536.
489 1769 633 1854 ἀνῆλθον]
657 1771 770 1856 ἀνῇθον
793 1768 941 1835 Valcken.
969 1768 1009 1833 sd
1037 1768 1192 1832 Herodot.
1215 1788 1248 1845 4,

153 1889 232 2039 “Pi
247 1991 321 2056 471.
339 1998 367 2038 v.
383 1974 457 2059 568.
475 1974 588 2058 δόμοις]
607 1977 713 2054 δόμους
727 1973 959 2039 Boissonadius.

193 2078 233 2139 P.
256 2093 331 2158 472,
353 2094 381 2141 a.
409 2077 508 2141 addc:
533 2076 643 2141 Primo
668 2077 737 2141 loco
762 2077 918 2141 numerari
941 2077 1058 2143 caedem
1081 2077 1249 2142 liberorum

151 2176 315 2263 Thyestae,
332 2177 469 2243 secundo
484 2179 741 2265 Agamemnonis,
756 2179 848 2244 tertio
861 2179 1000 2266 AEgisthi
1014 2195 1046 2245 ct
1058 2179 1251 2266 Clytaemnc-

151 2294 233 2357 strae,
248 2294 380 2366 apparet
394 2302 434 2343 ex
449 2280 613 2366 postremis
628 2282 724 2367 hujus
737 2281 855 2346 fahuloe
869 2281 1019 2346 versibus.
1043 2281 1190 2347 BAMB.

195 2384 233 2446 P.
249 2399 323 2468 473.
340 2406 369 2447 v.
386 2386 459 2462 600,
479 2403 529 2468 13.
546 2384 722 2446 BLOMF.
744 2384 807 2467 De]
824 2385 998 2448 BLOMF.
1023 2384 1062 2446 In
1080 2383 1130 2448 his
1144 2405 1252 2449 vocem

152 2485 312 2549 κνωδάλων
329 2485 433 2549 omisit
449 2483 675 2559 Blomfieldus;
699 2500 734 2550 at
746 2485 818 2573 quis
839 2485 897 2551 sibi
920 2486 1107 2574 persuadeat
1121 2487 1252 2551 chorum

151 2587 183 2652 in
209 2610 330 2652 amores
356 2587 543 2674 illegitimos,
567 2586 721 2653 adulteria
745 2587 903 2676 pecudum
934 2587 1065 2653 invehi?
1102 2590 1154 2653 Ea
1178 2612 1254 2653 voce

152 2691 295 2780 apposita
310 2714 434 2758 necesse
449 2707 496 2757 est
510 2691 631 2779 aliquid
654 2693 752 2779 tangi,
764 2694 851 2779 quod
865 2704 897 2756 et
912 2691 1074 2756 hominum
1089 2709 1121 2756 et
1135 2691 1254 2757 anima·

152 2793 229 2859 lium
244 2795 368 2860 feminis
381 2796 554 2861 conveniat.
601 2795 707 2883 Igitur
728 2796 796 2883 ipsa
810 2819 843 2860 re
864 2796 995 2861 docente
1015 2795 1180 2882 praedicari
1202 2819 1255 2860 ex-

153 2896 326 2962 istimamus
346 2899 433 2985 quod
456 2922 564 2964 verum
590 2921 656 2963 esse
682 2898 763 2962 inter
785 2921 893 2963 omnes
909 2914 1043 2977 constat,
1068 2898 1255 2963 seminarum

153 3022 290 3064 amorem
306 3024 401 3086 quam
425 3005 634 3068 masculorum
646 3002 906 3068 vehementiorem
923 3026 989 3068 esse
1003 3017 1035 3067 et
1049 3005 1166 3091 majore
1188 3001 1255 3067 lihi-

154 3096 227 3161 dine
242 3099 403 3164 stimulari.
435 3104 582 3185 Σνζιίμονς
596 3107 740 3184 ὁμαυλίας
753 3104 794 3168 dc
809 3105 883 3192 ipsis
897 3104 1086 3192 conjugibus
1100 3105 1255 3182 masculis,

155 3198 306 3281 άπέρωτος
320 3203 392 3282 ἔρως
406 3202 562 3270 infaustus
575 3229 663 3272 amor
676 3207 808 3294 intelhgi
823 3207 928 3272 dehet.
944 3209 1089 3273 BAMB.
1114 3212 1166 3275 De

198 3321 274 3388 473.
298 3325 327 3366 v.
344 3306 420 3386 604.
447 3305 541 3391 δαεὶς]
567 3309 637 3373 Vox
658 3325 816 3398 corrupta,
840 3322 876 3375 ut
896 3309 987 3374 docet
1008 3333 1115 3375 uersus
1134 3311 1256 3376 sutistr.

157 3407 232 3485 614.
249 3407 372 3486 φοινίαν
387 3411 538 3475 Σκύλλαν.

200 3508 238 3571 Ρ.
253 3508 328 3591 478.
350 3532 379 3572 v.
396 3513 469 3592 642.
507 3514 623 3580 Versus
648 3533 824 3606 corruptus.
847 3519 939 3584 πέδον
967 3518 1000 3583 in
1021 3519 1100 3606 πέδῳ
1124 3522 1258 3587 mutavit

156 3632 333 3697 anonymus
347 3612 378 3675 in
394 3612 474 3678 libro
491 3616 699 3685 Mitfordisno
709 3622 794 3709 apud
808 3622 1047 3687 Blomfieldum:
1072 3624 1158 3708 quod
1173 3624 1258 3691 πέδοι

157 3713 263 3799 potius
285 3714 495 3796 scribendum,
511 3719 630 3808 dequo
643 3724 725 3789 conf.
740 3738 849 3789 annot.
867 3739 972 3790 nostra
993 3724 1034 3790 sd
1057 3727 1164 3790 Prom.
1183 3745 1256 3813 749.

160 3817 308 3880 Ceterum
333 3818 446 3882 Bsmb.
469 3823 601 3909 conjecit
624 3828 683 3890 διαὶ
708 3828 799 3902 δίκας,
826 3828 860 3891 τὸ
882 3828 923 3907 μὴ
946 3828 1029 3909 θέμις
1051 3828 1120 3911 παρ’
1143 3830 1179 3896 οδ
1200 3834 1259 3911 huf

158 3923 246 3983 πεδοῖ
257 3921 445 4000 πατούμενον
461 3922 631 4001 (hominem
654 3953 673 3992 a
695 3953 760 4016 quo
776 3930 862 4018 quod
885 3931 1058 4018 proculcari
1081 3933 1168 3998 nefas
1188 3956 1261 4021 pro-

159 4018 316 4085 culcatum
333 4030 392 4106 cst)
414 4023 420 4111 Ι
439 4025 473 4088 τὸ
495 4032 556 4092 πᾶν
571 4031 644 4098 Διὸς
657 4033 754 4112 σέβας
776 4033 981 4116 παρεκβάντος
1000 4035 1035 4098 οὐ
1050 4038 1205 4116 θεμίστιος·
1229 4052 1260 4101 et

162 4120 192 4185 in
215 4123 410 4212 antistropho
424 4128 530 4195 τέκνον
544 4131 568 4196 δ’
585 4135 757 4217 ἐπεισφέρει
779 4138 890 4217 δόμοις,
904 4141 992 4218 μύσει
1014 4137 1038 4203 δ’
1054 4139 1186 4220 αἱμάτων
1206 4166 1262 4205 πσ-

166 4224 311 4306 λαιιέρων
330 4227 335 4314 Ι
354 4230 428 4293 τίνει
441 4234 535 4311 μίσος
548 4250 606 4300 etc.
631 4239 681 4301 De
697 4261 787 4303 versu
803 4240 961 4327 strophico
974 4242 1126 4307 consentit
1138 4243 1262 4307 Ahren-

167 4325 231 4388 sius
252 4325 283 4389 iu
308 4330 449 4394 Censura
475 4356 505 4419 p.
522 4353 596 4420 551.
621 4338 677 4401 nisi
699 4339 785 4425 quod
810 4346 867 4420 λδξ
890 4343 990 4430 ejicit:
1015 4344 1046 4407 in
1067 4345 1262 4432 antistropho

168 4450 241 4491 vcro
263 4430 400 4517 corrigit,
418 4434 521 4502 τέκνον
546 4440 697 4515 (Orestes)
724 4442 747 4504 δ’
765 4446 937 4527 ἐπεισφέρει
953 4452 1006 4523 (sc.
1024 4447 1197 4532 φάσγανον)
1216 4453 1263 4517 66-

668 4573 690 4630 4
707 4573 730 4614 n
750 4571 767 4615 2
