2984 5054
192 341 258 408 376
575 340 952 403 ANNOTATIONES

196 508 260 573 nid.
283 509 350 588 περὶ
372 531 437 588 γυν.
466 525 491 566 1.
514 507 605 587 χωρὶς
627 504 765 585 γυναικδς
781 504 848 570 θεὸς
868 506 1008 583 ἐποίησεν
1027 507 1098 568 νόου
1120 509 1169 568 Τὰ
1187 513 1304 587 πρῶτα.

195 633 336 676 scorsum
351 631 372 671 α
387 609 478 671 viris.
501 607 588 692 quod
608 623 711 671 tamen
726 606 816 670 aliter
831 606 964 693 explicat
982 605 1129 671 Schaet'er.
1145 607 1184 671 ad
1202 609 1302 675 Dion.

199 712 275 777 Hal.
293 734 323 798 p.
338 729 409 796 292.
437 711 612 774 BLOMF.

241 818 313 897 640.
343 813 442 898 έλκος]
474 812 616 877 Eandem
648 812 861 898 metaphoram
892 811 1020 875 adhibet
1048 810 1143 875 Solon
1174 829 1222 897 15,
1250 831 1303 897 17.

197 920 287 1003 ταύτῃ
310 916 345 995 δὴ
367 916 450 1003 πάσῃ
472 918 561 979 πόλει
581 914 700 997 ἔρχεται
725 913 811 982 έλκος
828 917 969 997 ἄφυκτον.
1008 913 1209 978 Constructio
1232 931 1300 989 est;

197 1043 292 1107 quum
315 1022 451 1083 orentius
473 1019 581 1104 adfert
605 1018 826 1093 calamitatem,
850 1018 989 1080 coercita
1012 1018 1187 1093 interemto,
1211 1040 1300 1082 πυα-

197 1125 283 1188 tione
297 1144 396 1186 unum
412 1123 528 1187 νυδπυκ
547 1122 671 1184 civitati
691 1119 851 1195 accidiam,
866 1139 975 1203 nempe
993 1119 1165 1204 publicam,
1181 1129 1211 1183 et
1223 1121 1303 1184 atte-

197 1249 270 1290 rum
285 1229 415 1303 civibus,
432 1228 545 1289 multoc
559 1247 598 1287 κα
613 1221 871 1307 mrcltirfirmt'h'ie
885 1221 1155 1284 intercidisse-er
1174 1223 1221 1285 tic
1241 1224 1301 1285 das-

195 1329 307 1414 plicem
321 1330 543 1403 columitatem,
559 1335 721 1389 cruentum
734 1324 889 1388 πιαῖοτυπι
898 1324 1086 1410 por-talia
1101 1325 1232 1410 inqrcom
1244 1329 1301 1412 ρυὶ

197 1433 284 1493 malo
297 1431 415 1516 adfert,
432 1444 489 1494 etc.
515 1429 691 1492 BLOMF.

242 1535 316 1613 641.
339 1533 485 1620 πολλοὺς]
503 1531 569 1596 Uni
584 1531 715 1595 civitatis
730 1529 824 1593 ulceri
839 1543 1045 1616 opponuntur
1060 1530 1167 1594 multae
1190 1528 1300 1616 singu-

198 1635 299 1698 lorum
314 1635 426 1700 civium
448 1635 565 1699 caedes:
591 1657 663 1720 quae
682 1632 801 1719 duplex
817 1630 974 1697 calamitas
989 1632 1182 1718 significatur
1198 1635 1303 1699 verbis

199 1740 287 1817 διπλῇ
301 1736 433 1819 μάστιγι.
458 1737 602 1800 ΒΟΤΗ.
642 1737 686 1798 Et
701 1734 802 1798 verbis
817 1735 963 1817 δίλογχον
978 1737 1060 1813 ἄτην.

243 1839 468 1922 ἐξαγισθέντας]
495 1842 710 1914 Consecratos,
734 1837 825 1902 morti
850 1838 976 1917 scilicet,
1001 1855 1035 1902 ut
1055 1838 1221 1925 piacularis
1235 1841 1301 1905 vic-

118 2012 124 2023 ,
199 1941 283 2006 tima.
330 1942 382 2005 Ita
405 1964 510 2005 vocem
534 1939 669 2027 explicat
692 1939 849 2004 Pauwius.
896 1940 957 2003 Sed
981 1940 1057 2004 nihil
1083 1941 1168 2005 aliud
1194 1942 1300 2007 valere

200 2058 278 2129 puto
294 2041 506 2125 ἐξαγισθέντας
528 2045 625 2122 δόμων
639 2065 734 2129 quam
757 2045 790 2106 ἐκ
811 2045 910 2122 δόμων
931 2042 1119 2125 δγισθέντας,
1135 2043 1156 2108 i.
1171 2067 1197 2108 e.
1213 2068 1299 2109 com-

199 2145 314 2225 bustos,
329 2143 375 2207 vel
391 2145 435 2207 ad
453 2147 636 2231 parentalia
651 2146 757 2210 elatos.
783 2145 958 2210 BLOMF.
1004 2148 1067 2209 Per
1089 2145 1302 2229 ἐξαγισθέντας

199 2243 334 2332 explicat
356 2244 528 2310 scholiasta.
560 2247 792 2329 ἐκραπισθέντας
812 2247 942 2334 conjecit
964 2248 1134 2335 Emperius
1155 2248 1186 2312 in
1210 2249 1299 2314 Zim-

200 2347 370 2412 mermanni
386 2348 497 2413 Diario
510 2372 537 2414 a.
553 2351 645 2436 1835.
661 2373 694 2436 p.
707 2351 779 2415 628.

245 2452 319 2538 643.
350 2454 427 2516 Post
456 2455 601 2535 ξυνωρίδα
629 2467 782 2518 commate
810 2475 875 2516 esse
902 2451 1188 2540 interpungendum
1221 2453 1299 2518 vidit

202 2555 356 2619 Pauwius.

245 2660 317 2736 644.
335 2658 526 2739 σεσαγμένον
541 2660 710 2721 Porsonua.
735 2657 933 2738 σεσαγμένον
947 2656 1026 2721 libri.

245 2762 318 2842 645.
333 2757 477 2840 Ἐρινύων
494 2757 708 2822 Blomfieldus.
740 2756 903 2840 Ἐριννύων
917 2759 1022 2846 vulgo.
1057 2761 1096 2822 In
1113 2760 1174 2823 flue
1189 2783 1301 2826 versus

200 2858 289 2922 colon
306 2871 452 2943 ponatur.

244 2960 317 3041 647.
342 2960 418 3022 Post
439 2960 528 3022 πόλιν
549 2982 678 3046 pergere
699 2959 844 3039 debebat,
863 2962 898 3026 οὐ
917 2962 1216 3044 πρέπει-συμμῖξαι,
1241 2988 1301 3052 pro

202 3082 268 3146 quo
297 3073 417 3123 mutata
451 3059 599 3124 orationis
631 3061 732 3126 forma
760 3062 841 3128 dixit
876 3063 1122 3146 ads—cupptfo.
1168 3067 1301 3133 Monuit

202 3162 403 3226 Abreschius.

245 3266 317 3348 654.
334 3266 498 3346 ἀλλήλαισι
514 3267 556 3329 Τ.
580 3267 732 3347 ἀλλήλῃσι
747 3267 849 3354 vulgo.

245 3369 320 3454 655.
336 3369 466 3453 ἤρεικον]
485 3369 607 3451 ἤρειπον
622 3372 664 3434 Τ.
680 3393 750 3435 cum
765 3370 809 3457 gl.
825 3369 1027 3449 κατέβαλλον,
1040 3372 1228 3453 συνέκρουον.

244 3474 490 3552 κεροτυπούμεναι
502 3474 670 3537 PorsonuS.
694 3473 945 3554 κεροτυπούμεναι
959 3471 1038 3535 libri.

244 3575 316 3657 656.
334 3575 405 3661 σὺν]
420 3573 624 3639 Scribendum
641 3576 694 3654 ξὺν
707 3597 778 3638 cum
796 3577 946 3638 Porsono.

245 3678 318 3759 657.
340 3677 482 3755 ποιμένος
497 3679 600 3761 κακοῦ]
619 3677 681 3754 Qui
696 3675 736 3739 de
750 3677 817 3764 ipsa
833 3687 1016 3760 tempestate
1037 3675 1215 3762 intelligunt
1235 3703 1297 3746 non

201 3777 348 3840 audiendi
363 3776 517 3840 videntur.
564 3779 656 3863 Saepe
669 3777 701 3839 in
717 3775 952 3865 tempestatibus
967 3776 1176 3843 describendis
1196 3797 1299 3866 poetoe

202 3878 328 3941 rectoris
342 3878 462 3964 pavidi,
477 3878 618 3958 ποιμένος
632 3883 722 3942 κακοῦ
739 3885 844 3966 (quam
859 3877 1070 3965 metaphoram
1083 3879 1149 3964 ipse
1161 3884 1299 3970 AEschy-

202 3976 251 4041 lus
266 3978 360 4042 habet
375 3978 487 4066 Suppl.
503 3981 590 4063 768.)
609 3979 795 4044 mentionem
811 3981 963 4068 injiciunt.
987 3981 1080 4045 Ovid.
1097 3983 1230 4048 Metam.
1249 4007 1298 4066 11,

201 4097 275 4162 492.
291 4081 397 4164 “Ipse
411 4096 504 4165 pavet
519 4103 575 4144 nec
597 4078 698 4162 sequi
722 4080 760 4143 sit
779 4098 878 4147 status
899 4082 965 4168 ipse
986 4082 1103 4147 fatetur
1119 4086 1206 4150 Scire
1225 4090 1302 4155 ratis

201 4194 311 4258 rector,
327 4203 383 4244 nec
398 4181 474 4265 quid
485 4182 638 4268 jubeatve
653 4184 801 4244 vetetve.”
823 4185 1029 4249 BOISSON.

243 4285 316 4369 659.
340 4283 425 4347 Citat
447 4286 579 4370 scriptor
600 4279 736 4343 incertus
756 4283 796 4347 de
819 4287 1018 4352 Barbarismo
1032 4287 1072 4353 ad
1087 4289 1202 4354 calcem
1218 4294 1300 4357 Am-

201 4386 293 4451 monii
309 4411 339 4474 p.
356 4404 424 4470 197.
440 4385 487 4449 ed.
506 4380 618 4448 valet.
635 4379 687 4442 sed
704 4384 824 4462 Αἵγεον.
848 4390 1019 4453 BLOMF.
