2984 5054
248 345 313 415 492
606 345 986 411 ANNOTATIONES

293 513 368 597 815.
384 514 455 575 Aut
469 511 501 575 in
516 511 645 599 stropha
658 511 806 576 deficiunt
821 510 978 597 quasdam,
991 526 1046 574 aut
1061 509 1207 596 quaedam
1222 509 1253 573 in
1268 508 1349 575 anti·

250 613 378 701 stropha
400 612 589 678 redundant.
627 615 726 678 Voces
747 617 849 678 πολλὰ
871 614 895 677 δ’
910 613 993 676 ἄλλα
1007 619 1101 695 φανεῖ
1117 611 1233 700 χρῄζων
1248 611 1348 694 κρύπτ’

249 714 427 804 glossatoris
441 738 506 779 esse
516 715 639 802 judicat
655 717 870 791 Hermannus,
883 714 968 800 quod
985 714 1060 778 milii
1072 714 1199 800 quidem
1216 715 1270 779 vix
1284 738 1351 779 cre-

250 817 346 883 dibile
368 817 503 881 videtur.
550 816 708 881 Seidlerus
729 816 769 880 de
788 817 889 880 Verss.
913 816 1048 880 Docbm.
1071 839 1101 901 p.
1117 832 1190 898 407.
1213 814 1349 901 conjicit,

250 923 353 985 πολλὰ
365 921 431 1000 μὲν,
448 921 582 983 ἄσκοπον
597 919 621 983 δ’
638 921 708 988 ἔπος
721 919 831 1001 λέγων.
854 919 1028 983 BLOMF.
1067 919 1250 997 Scholiasta,
1266 923 1303 983 τὰ
1317 921 1351 983 δὲ

252 1025 363 1104 κρυπτὰ
388 1027 443 1086 νῦν
470 1023 650 1104 φανερώσει.
684 1019 817 1088 Ἀλλος.
848 1029 942 1104 φανεῖ
962 1020 1074 1104 χρῄζων
1100 1021 1228 1103 κρυπτᾶε
1252 1021 1351 1087 θέλων

251 1127 353 1187 πολλὰ
369 1127 480 1205 κρυπτὰ
495 1123 622 1205 εὑρήσει.
646 1124 750 1188 Verba
763 1121 817 1186 illa
830 1139 913 1186 recte
927 1122 1017 1209 ejecit
1032 1125 1247 1188 Hermannus.
1284 1124 1350 1187 La·

250 1247 362 1289 cunam
387 1226 618 1311 Bambergerus
639 1226 662 1289 l.
680 1248 707 1290 ο.
731 1224 774 1289 sic
795 1224 932 1313 explevit
956 1230 1063 1307 πρᾶξιν
1084 1226 1187 1307 οὐρίαν
1208 1225 1306 1289 θέλων
1324 1223 1331 1311 Ι

251 1329 360 1401 δόλιος,
377 1328 511 1392 ἄσκοπον
525 1327 603 1391 δ’-.
1150 1374 1152 1378 .

296 1430 368 1494 816.
385 1427 483 1511 κρύπτ’
500 1429 657 1493 Panwius.
688 1432 798 1510 κρυπτὰ
812 1428 878 1492 sine
891 1427 1017 1492 elisione
1031 1427 1112 1492 libri.
1138 1435 1349 1510 spontaneos

252 1531 302 1595 M.
317 1530 458 1607 affertur,
475 1553 530 1617 per
546 1552 693 1608 errorem,
709 1542 745 1593 ut
762 1529 896 1594 videtur.

295 1634 429 1697 ἄσκοπον
444 1630 468 1695 δ’
484 1633 556 1699 ἔπος
570 1631 683 1717 λέγων]
703 1633 807 1711 verte,
822 1655 894 1696 cum
914 1631 1062 1710 Henthio,
1078 1633 1261 1698 Sermonem
1275 1653 1350 1697 vcro

249 1744 345 1820 captu
366 1734 522 1820 offellum
537 1735 718 1820 pnfferens,
733 1744 763 1798 et
780 1745 873 1799 noctu
890 1736 1032 1799 tenebras
1052 1743 1126 1799 ante
1144 1735 1248 1800 οοιιΙοι
1263 1757 1350 1822 prm-

237 1837 324 1922 firl,
344 1845 374 1900 cl
395 1838 537 1900 interdiu
563 1834 637 1917 (καθ
659 1835 772 1917 ἡμέραν
790 1834 828 1918 τ’)
855 1837 938 1900 nihil
957 1847 1004 1902 est
1023 1836 1221 1902 luculentior.
1266 1838 1350 1902 Haeo

249 1938 402 2025 respicere
423 1952 515 2025 putat
535 1936 693 2001 Heathius
712 1937 870 2025 Apollinis
888 1942 1048 2003 oraculum
1066 1938 1133 2025 jam
1155 1961 1252 2026 supra
1272 1938 1349 2004 rela-

250 2052 319 2105 tum
345 2044 418 2127 263.
436 2063 482 2126 sq.
506 2041 682 2105 BLOMF.
728 2041 791 2119 Qui
806 2041 874 2107 haec
888 2042 928 2107 de
943 2042 1094 2131 Apolline
1114 2041 1284 2108 intellexit:
1309 2042 1351 2108 de

251 2143 414 2207 Mercurio
429 2142 600 2208 scholiasta.

295 2247 368 2328 817.
388 2244 489 2331 φέρει]
513 2244 600 2328 φέροι
623 2247 749 2310 Portus.
782 2245 886 2313 νυκτὸς
908 2243 1104 2327 προᾶμμᾶτον
1126 2247 1237 2311 σκότον
1262 2245 1351 2329 φέροι

252 2348 484 2434 Bambergerus
498 2347 518 2412 l.
534 2371 560 2412 c.
576 2371 608 2435 p.
624 2351 697 2433 567.

296 2452 368 2516 818.
385 2448 409 2516 δ’
423 2473 485 2516 om.
503 2451 613 2515 Guelf.
630 2450 707 2516 Ald.
724 2452 829 2516 Tum.

294 2553 395 2637 οὐδὲν]
420 2553 519 2618 οὐδενὶ
538 2554 621 2619 Rob.
655 2552 718 2633 μεθ’
741 2554 853 2636 ἡμέραν
875 2550 1236 2639 οὖδέν-Βοωδθιςεωε
1257 2550 1350 2616 dubi·

251 2670 363 2722 tanter.

296 2760 374 2823 Post
388 2781 416 2823 v.
428 2762 500 2822 818.
511 2757 697 2845 repetendos
708 2779 774 2822 esse
784 2778 890 2822 versus
902 2757 1084 2822 806-811.
1097 2779 1192 2844 supra
1202 2754 1348 2819 diximus.

296 2861 477 2945 819—837.
494 2861 620 2924 Horum
636 2882 783 2924 versuum
803 2858 956 2946 scriptura
969 2858 1090 2923 lacunis
1103 2856 1351 2945 corruptelisque

251 2962 295 3028 ita
308 2979 355 3028 est
370 2963 497 3028 turbata
511 2978 547 3028 ut
562 2961 684 3027 restitui
698 2961 731 3025 in
745 2961 902 3049 integrum
925 2961 966 3025 ab
980 2959 1152 3025 editoribus
1171 2981 1232 3023 non
1255 2973 1349 3046 potu·

251 3064 344 3144 erint,
360 3087 495 3151 quorum
511 3064 699 3151 conjecturas
721 3085 761 3129 ne
782 3063 941 3128 minimam
955 3062 1083 3150 quidem
1103 3060 1221 3127 habent
1235 3062 1350 3126 verita-

252 3165 291 3231 tis
304 3166 448 3254 speciem.

296 3269 368 3354 819.
393 3269 441 3333 καὶ
455 3271 523 3334 τότε
537 3268 573 3348 δὴ
587 3273 717 3333 πλοῦτον
731 3267 802 3334 libri
824 3268 977 3333 universi:
1001 3265 1101 3331 facilis
1121 3281 1187 3331 erat
1201 3266 1351 3332 correctio

251 3369 310 3436 τότ’
326 3370 390 3452 ἤδη.
427 3372 533 3435 Prom.
559 3371 634 3456 946.
656 3371 767 3453 πατρὸς
789 3368 813 3434 δ’
836 3372 894 3452 ἄρα
913 3371 1029 3453 Κρόνον
1044 3369 1102 3435 τότ’
1122 3369 1177 3451 ἤδη
1196 3376 1352 3439 παντελῶς

251 3473 458 3557 κρανθήσεται.
485 3472 580 3552 Quod
595 3470 693 3559 vulgo
707 3472 831 3559 legitur,
842 3477 985 3551 πλοῦτον,
1001 3471 1165 3537 manifesto
1177 3472 1351 3537 absurdum

251 3591 310 3653 est,
326 3588 357 3639 et
372 3589 472 3639 metro
488 3573 690 3639 contrarium.
736 3575 865 3639 Correxi
889 3577 996 3649 πολύν,
1012 3573 1089 3639 dum
1111 3574 1230 3661 aliquid
1253 3574 1353 3662 magis

251 3677 414 3767 probabile
435 3676 622 3752 inveniatur,
646 3675 710 3739 sive
732 3677 960 3742 substantivum
987 3677 1036 3755 sit,
1058 3674 1123 3740 sive
1145 3676 1353 3763 adjectivum

251 3778 349 3844 πολὺν
374 3781 466 3856 νόμον
488 3776 658 3857 μεθήσομεν
681 3778 755 3841 satis
779 3779 898 3865 poetice
923 3777 1056 3852 dicitur3
1081 3777 1195 3865 Eurip.
1215 3778 1352 3866 Hippol.

256 3880 349 3964 1196.
370 3879 483 3941 Ἔνθεν
504 3902 549 3944 τις
574 3878 647 3960 ἠχὼ,
670 3881 791 3961 χθόνιος
812 3882 852 3948 ὡς
872 3881 985 3961 βροντὴ
1009 3877 1092 3953 Διὸς,
1115 3878 1215 3960 Βαρὺν
1236 3881 1353 3961 βρόμον

251 3984 369 4060 μεθῆκε.
385 3979 559 4042 BLOMF.
583 3980 703 4042 Forsan
714 3977 880 4066 legendnm
895 3982 941 4044 καὶ
956 3978 1013 4044 τότ’
1029 3979 1083 4059 ἤδη
1097 3980 1201 4044 πόλιν.
1225 3981 1352 4045 IDEM

252 4080 285 4144 in
301 4076 476 4143 Addendis.
502 4077 683 4157 Scholiasta,
701 4082 749 4145 καὶ
763 4080 830 4147 τότε
846 4082 897 4161 bri:
922 4084 995 4145 όταν
1010 4084 1243 4165 ἀπαλλαγῶμεν.
1261 4087 1353 4146 πλοῦ-

252 4205 326 4245 τον;
350 4179 404 4242 τόν
425 4184 557 4243 πλοῦτον
579 4186 638 4244 τῶν
661 4182 801 4261 ἄωμᾶτον
824 4186 982 4266 ἐλεύθερον
1004 4187 1038 4264 τῇ
1062 4182 1151 4249 πόλει
1173 4184 1352 4265 μεθήσομεν.

252 4283 410 4362 λσνήριονε
435 4280 604 4361 ἐλεύθερον.
627 4287 681 4346 νῦν
695 4286 753 4365 γᾶρ
767 4285 824 4349 ὑπὸ
839 4285 990 4367 πυρᾶννον
1005 4286 1244 4351 ἄποκέκλεισται.

297 4385 371 4450 821.
394 4381 596 4468 οὐριοστᾶτης]
613 4385 766 4472 Prospere
787 4388 963 4452 institutus.
1000 4385 1127 4451 Allusio
1141 4387 1245 4453 estad
1262 4414 1352 4474 χορο-

253 4487 391 4559 στασίαν,
406 4504 501 4570 quam
517 4480 674 4550 ducebant
688 4486 879 4569 χορσοτᾶται.
903 4487 1078 4553 BLOMn.
