2984 5054
562 344 630 407 AD
655 344 922 409 SUPPLICES.
1229 345 1290 410 621

196 505 276 571 lianc
299 508 462 576 nimirum:
490 513 614 592 Θεσμὸς
636 514 753 580 αίιίνιος
773 518 835 580 τοῖς
854 511 976 576 Ἀτθίδα
998 511 1171 592 νεμομένοις
1192 518 1295 596 κυρίως

196 609 251 672 τὸν
266 611 383 678 ἅπαντα
396 615 508 697 χρόνον
525 616 609 682 θεοὺς
630 620 717 696 τιμᾶν
737 615 784 679 καὶ
805 616 901 696 ἥρωας
924 615 1093 698 ἐγχωρίους.
1139 617 1295 682 Creremo-

197 711 318 776 uiarum
341 730 372 778 et
395 714 512 779 rituum
539 716 711 802 patriorum
734 714 1020 780 observantissimos
1041 715 1136 780 fuisse
1157 717 1294 783 Atheni·

197 836 284 878 enses
308 816 403 881 tradit
428 818 581 882 Isocrates
605 818 636 880 in
661 817 884 904 Areopagitica
908 839 940 902 p.
966 833 1044 900 145:
1080 820 1177 882 έκεῖνο
1201 823 1295 900 μόνον

198 916 321 999 ἐτήρουν
334 916 413 986 ὅπως
427 922 519 999 μηδὲν
531 919 605 999 μήτε
620 926 678 983 τῶν
692 920 823 1003 πατρίων
844 921 1046 996 καταλύσωσι,
1068 917 1133 999 μήτ’
1157 917 1214 998 ἔξω
1235 926 1295 985 τῶν

198 1019 395 1099 νομιζομένων
408 1020 627 1104 προσθήσωσιν.
653 1020 821 1085 STANL.

241 1124 317 1201 706.
340 1123 573 1208 δαφνηφόροισι]
596 1124 834 1205 δαφναφόροισιν
851 1121 929 1186 Altl.
948 1123 1032 1186 Rob.
1055 1125 1160 1188 Turn.
1185 1126 1294 1214 Steph.

197 1237 228 1286 et
246 1238 280 1287 ut
295 1224 406 1309 opinor
421 1226 471 1288 M.
485 1247 524 1288 ex
540 1249 605 1311 quo
619 1228 858 1309 δαφνηφόροισιν
872 1237 1055 1288 annotatum
1075 1226 1116 1290 ad
1138 1227 1296 1293 Schuetzii

198 1323 365 1390 editionem
381 1326 504 1403 collato,
519 1327 550 1391 in
566 1352 631 1414 qua
645 1330 848 1411 δαφνηφόροις
867 1327 1002 1414 positum
1026 1343 1082 1393 est.
1128 1329 1295 1418 Autispas-

197 1441 264 1490 tum
280 1427 408 1513 quidem
423 1429 585 1494 restituere
600 1431 670 1495 licet
689 1434 892 1512 δοφνοφθροις
913 1431 1094 1495 scribendo:
1119 1431 1171 1495 sed
1195 1453 1296 1518 quum

197 1552 308 1614 parum
324 1531 484 1617 probabile
498 1531 537 1596 sit
551 1532 688 1596 diversas
708 1532 871 1618 antispasti
891 1534 1008 1597 formas
1029 1533 1086 1598 sibi
1109 1533 1296 1622 respondere

197 1631 330 1696 voluisse
356 1648 490 1720 poetam,
516 1633 576 1697 alia
601 1634 747 1720 quaedam
778 1637 873 1721 hujus
901 1634 1046 1721 adjectivi
1075 1636 1176 1700 forma
1199 1638 1296 1701 latere

197 1733 322 1797 videtur
338 1734 395 1799 bac
411 1758 555 1799 mensura
568 1774 590 1798 υ
604 1773 627 1783 -
640 1775 679 1798 -.

243 1854 316 1921 707.
339 1838 372 1901 τὸ
391 1841 450 1920 γὰρ
469 1839 615 1902 τεκόντων
637 1837 744 1924 σέβας]
762 1838 848 1903 Illud
862 1843 920 1921 γὰρ
934 1839 974 1903 ad
990 1837 1148 1921 πατρωίους
1162 1839 1296 1904 referen-

196 1938 285 2002 dum.
331 1939 487 2003 Nimirum
503 1939 559 2025 qui
574 1962 659 2003 more
674 1943 831 2027 majorum
846 1941 921 2005 deos
940 1940 1058 2018 colunt,
1074 1939 1148 2026 ipsis
1168 1964 1295 2027 quoque

197 2041 366 2125 majoribus
391 2056 423 2105 et
446 2041 627 2128 parentibus
652 2065 689 2104 ea
717 2064 751 2105 re
776 2042 924 2106 honorem
952 2042 1078 2119 habent,
1104 2042 1190 2128 quod
1217 2042 1297 2108 ritus

197 2165 297 2206 sacros
312 2142 352 2206 ab
367 2143 442 2228 ipsis
458 2157 600 2229 acceptos
615 2143 700 2208 haud
716 2143 829 2208 aboleri
846 2143 1015 2231 patiantur.
1041 2145 1143 2209 SCH.

241 2246 315 2323 708.
342 2246 440 2325 τρίτον
465 2243 538 2328 τόδ’]
561 2247 661 2325 τρίτον
680 2266 741 2308 non
763 2246 873 2309 ordine
897 2246 1034 2323 tertium,
1056 2247 1111 2310 sed
1133 2270 1173 2311 ex
1195 2248 1296 2313 tribus

199 2367 307 2407 unum.
355 2344 553 2431 Porphyrius
574 2344 614 2408 de
635 2345 802 2409 abstinent.
818 2369 850 2424 4.
868 2352 914 2434 (p.
931 2348 1005 2430 378.
1022 2349 1077 2429 R.)
1095 2351 1173 2429 φασὶ
1192 2351 1226 2413 δὲ
1248 2351 1296 2413 καὶ

197 2446 405 2525 Τριπτόλεμον
426 2445 597 2527 Ἀθηναίοις
614 2452 820 2528 νομοθετῆσαι,
837 2449 884 2512 καὶ
906 2455 964 2512 τῶν
987 2450 1085 2528 νόμων
1106 2450 1196 2513 αὐτοῦ
1217 2457 1297 2530 τρεῖς

200 2549 243 2611 ἔτι
270 2547 457 2629 Ξενοκράτης
478 2551 495 2612 ὁ
519 2551 691 2632 φιλόσοφος
715 2551 801 2630 λέγει
826 2549 976 2630 διαμένειν
999 2553 1153 2615 Ἐλευσῖνι
1178 2553 1294 2628 τούσδε,

196 2654 295 2731 γονεῖς
309 2654 405 2729 τιμᾶν,
419 2651 505 2717 θεοὺς
521 2658 641 2732 καρποῖς
655 2651 814 2733 θγθλλειν,
831 2653 889 2729 ζῶα
901 2651 941 2731 μὴ
956 2653 1105 2717 σίνεσθαι.
1133 2655 1295 2718 Postrema

196 2749 292 2814 verbs
307 2750 401 2814 miror
415 2775 433 2815 a
450 2753 555 2816 Petito
573 2752 612 2816 ad
634 2752 716 2839 leges
732 2752 856 2818 Atticas
878 2759 922 2839 (p.
939 2756 1007 2837 68.)
1022 2755 1199 2819 transferri:
1222 2777 1294 2820 car-

195 2852 290 2915 nibus
308 2875 371 2916 rton
395 2856 592 2928 vescendum,
606 2877 677 2920 cum
701 2853 796 2941 paulo
818 2869 888 2940 post
911 2855 1106 2920 Xenocrates
1127 2872 1191 2921 tom
1213 2857 1295 2923 clare

195 2953 339 3040 explicet,
366 2954 552 3036 προσέταξεν
579 2963 640 3025 τοῖς
666 2961 787 3038 καρποῖς
812 2956 878 3023 τοὺς
909 2958 994 3024 θεοὺς
1019 2963 1106 3038 τιμῖιν
1129 2961 1295 3039 ὑπολαβὼν

196 3060 316 3132 μᾶλλον
331 3056 369 3119 ἂν
384 3061 530 3136 διαμεῖναι
545 3058 600 3135 τὴν
614 3060 722 3137 ταύτην
736 3060 763 3121 εί
775 3058 816 3136 μὴ
829 3059 981 3139 γίγνοιντο
995 3066 1057 3128 ταῖς
1072 3065 1150 3126 θεοῖς
1168 3064 1217 3125 διὰ
1235 3066 1295 3125 τιῖν

195 3157 276 3228 (dua
291 3158 402 3220 θυσίαι.
428 3158 595 3221 STANL.

240 3277 314 3338 711.
329 3258 423 3343 ὑμεῖς]
437 3259 522 3336 ἡμεῖς
537 3260 586 3322 Μ.
603 3258 711 3323 Guelf.
729 3258 807 3322 Ald.
823 3260 908 3323 Rob.

237 3360 277 3438 μὴ
300 3358 414 3440 τρέσητ’
443 3361 547 3422 Τυτα.
572 3359 681 3445 Steph.
712 3360 753 3439 μὴ
776 3360 903 3441 τρέποιτ’
931 3361 1015 3426 Rob.
1039 3384 1079 3425 ex
1103 3363 1291 3448 conjectura.

194 3465 299 3543 μῆτρες
314 3462 360 3525 del
376 3463 426 3526 M.
442 3460 553 3526 Guelf.
570 3460 647 3525 Ald.
662 3476 694 3526 et
707 3462 805 3525 codex
821 3461 1006 3526 Robortclli.

240 3582 312 3647 713.
336 3562 671 3648 ἱκεταδόκου-σκοπῆς]
687 3562 845 3627 Nimirum
868 3586 921 3627 ara
942 3569 1001 3627 τῶν
1020 3564 1156 3644 ἀγωνίων
1171 3570 1247 3628 θεῶν
1261 3564 1293 3628 in

195 3664 302 3751 paullo
331 3665 460 3729 editiore
488 3665 558 3729 looo
586 3680 652 3728 ernt
680 3665 792 3749 posita,
824 3664 908 3727 unde
936 3680 1119 3751 prospectus
1147 3665 1179 3728 in
1209 3687 1294 3730 mare

196 3766 332 3852 patebat.
357 3769 456 3831 SCH.
483 3770 656 3835 ἀποσκοπᾶς
678 3766 755 3830 Ald.
787 3769 959 3843 ἀπασκαπῆς
981 3766 1064 3830 Rob.
1098 3767 1156 3830 ἀπὸ
1180 3771 1294 3834 orontis

196 3868 299 3932 Tum.

239 3989 311 4050 714.
327 3971 448 4056 πλοῖον]
463 3977 570 4035 πλεῖον
585 3968 694 4034 Guelf.
712 3968 788 4033 Ald.

238 4073 367 4151 εὔσημον
380 4076 438 4153 γὰρ
453 4073 487 4136 οὕ
501 4099 538 4152 με
553 4071 709 4156 λανθάνει]
726 4070 969 4155 Intelligendum
993 4069 1041 4147 ὃν,
1058 4070 1115 4134 nisi
1135 4070 1166 4134 id
1190 4070 1292 4156 ipsum

194 4170 373 4236 addendum
389 4189 435 4237 est
452 4176 580 4253 εὔσημον
593 4179 652 4257 γὰρ
667 4176 703 4237 ὅν
716 4171 745 4253 μ’
761 4173 796 4236 or'r
810 4171 963 4236 λανθάνει.

241 4288 313 4356 715.
331 4273 587 4358 στολμοί-νεὼς]
604 4274 665 4336 scil.
683 4275 718 4337 orl
732 4273 920 4338 λανθάνουσί
931 4300 978 4353 με.
1003 4276 1152 4361 Agnosco
1166 4295 1294 4359 quoque

195 4373 336 4435 velorum
357 4383 542 4437 ornamenta
563 4384 593 4438 et
615 4375 757 4438 tabulata
778 4378 883 4439 παυῖς.
906 4378 1105 4456 παραρρύσεις
1126 4378 1200 4442 νεὼς
1221 4374 1242 4438 i.
1261 4399 1293 4462 q.

193 4473 269 4536 alias
282 4475 502 4554 παραρρύματα.
527 4474 627 4537 SCH.
