2984 5054
533 350 602 413 AD
625 349 957 414 CHOEPHORAS.
1232 348 1297 417 487

195 508 281 576 Rob.
305 510 525 594 κᾴπιθοάζουσα
540 516 591 580 Μ.
605 514 713 580 Guelf.
727 514 837 603 Steph.
860 515 1019 602 Equidem
1034 514 1201 601 legendum
1217 526 1297 600 puto

195 612 412 690 κάπιθεάζουσ’.
451 616 603 705 Thucyd.
628 619 658 696 8,
680 636 735 703 53.
760 616 1224 698 Εὐμολπιδῶν-μαρτυρομίνων
1248 616 1297 679 καὶ

194 715 421 792 ἓπιθειαζάντων
435 717 475 797 μὴ
491 721 640 803 κατάγειν.
665 721 719 784 ubi
736 719 831 784 schol.
847 719 940 801 ἤγουν
955 720 1021 783 θεῖά
1039 744 1106 784 τινα
1128 718 1294 798 ἐπιβοωμέ-

194 840 263 880 νων.
299 833 329 897 7,
347 834 363 898 7
366 836 398 900 5.
419 821 471 883 οὐκ
494 822 565 885 ἀνευ
584 824 697 903 ὀλίγων
712 825 912 902 ίπιθειοσμῶν
928 822 976 885 καὶ
991 824 1118 903 οἰμωγῆς
1132 822 1295 886 ἀπολειπό-

193 941 289 998 μενοι.
335 918 408 983 Sine
424 947 434 984 ι
448 921 540 986 Plato
555 923 681 986 Phaedr.
696 945 751 1005 40.
766 947 797 1012 p.
815 944 888 1009 233.
907 922 1025 987 Heind.
1041 924 1058 986 ά
1081 925 1114 987 δὲ
1135 922 1295 1004 ἀναγκάζε-

195 1044 243 1083 ται
257 1022 373 1085 διάκειν
388 1023 563 1103 ἀγανακτῶν
579 1026 626 1089 καὶ
642 1025 813 1102 ἐπιθεάζων.
837 1025 980 1089 Eandem
993 1024 1214 1089 eorrectionem
1229 1024 1297 1088 fieri

195 1118 310 1185 debere
332 1123 472 1209 suspicor
494 1125 524 1188 in
548 1127 662 1213 Eurip.
685 1127 774 1192 Med.
797 1130 889 1208 1406.
913 1128 994 1191 Τάδε
1016 1128 1064 1191 καί
1086 1131 1193 1208 θρηνῶ,
1213 1128 1296 1191 κάπι-

194 1220 302 1299 rodco,
319 1228 550 1308 Μαρτυρύμενος
564 1230 714 1309 δαίμονος.
738 1229 794 1294 ubi
808 1227 1040 1294 rescribendum
1062 1229 1236 1305 Κάπιθεάζω
1258 1253 1296 1294 ex

196 1322 397 1411 Thucydidis
412 1326 481 1391 Ιοοο
496 1342 592 1415 patet.
629 1331 767 1417 Hesych.
789 1329 973 1406 Ἐπιθεάζειε
1000 1331 1086 1397 θεοὺς
1102 1333 1295 1395 ἐπικαλεῖται.

194 1423 393 1495 Ἔπιθεάσαςι
419 1428 641 1511 κατευξάμενος.
689 1432 903 1511 Pherecrates,
927 1436 967 1498 ab
993 1431 1139 1497 Albertio
1165 1432 1295 1511 citatus3

190 1526 340 1611 Ὕστερον
349 1533 454 1613 ἀρῖιται
466 1534 633 1610 κάπιθεάζει
644 1536 684 1620 τι]
695 1537 792 1618 πατρί.
806 1536 982 1600 BLOMF.
1005 1533 1126 1599 Eadem
1138 1533 1296 1597 Sohuetzii

194 1633 374 1718 conjectura
387 1635 459 1700 fuit.

239 1734 257 1797 8
258 1735 314 1818 58.
328 1741 389 1803 πῶς
403 1740 472 1801 ίσον
487 1737 601 1802 είποῦσ’
618 1739 784 1824 ἀνύσωμαι]
803 1740 865 1804 Ubi
872 1739 971 1823 juata
986 1745 1058 1800 vota
1077 1737 1296 1800 benevolentia

194 1857 292 1900 ταυτα
303 1835 452 1922 firriam?
475 1839 651 1904 Abreschio
674 1840 838 1905 videbatur
859 1842 929 1903 ἴσον
952 1860 1023 1902 cum
1046 1840 1200 1918 ἀνύσωμαι
1223 1861 1296 1902 con·

195 1937 389 2018 struendum,
402 1940 462 2004 hoc
477 1963 567 2005 sensu
579 1967 586 2005 :
614 1944 698 2016 Quid
704 1965 776 2027 prae
786 1943 999 2007 benevolentia
1013 1942 1180 2027 etfravoria
1190 1944 1296 2008 studio

195 2039 321 2126 laqueata
336 2043 518 2129 impetrabo,
532 2045 615 2131 qnod
629 2067 756 2131 oeqaam
770 2047 823 2110 atr.
847 2046 948 2108 SCH.

242 2144 314 2206 860.
334 2150 507 2224 μιανθεῖσαι
531 2153 630 2227 πεῖραι
657 2146 792 2211 κοπάνων
816 2146 932 2211 dieitur
952 2169 1011 2232 pro
1034 2152 1135 2228 πεῖραι
1159 2146 1296 2211 κοπάνων

185 2244 389 2323 acerrima,
402 2247 668 2333 quemadmodum
685 2250 833 2317 ἐκπατίοις
846 2251 956 2332 ύλγεσι
970 2251 1084 2313 παίδων
1098 2263 1159 2313 ete.
1176 2251 1294 2335 Agam.

200 2349 271 2428 148.
296 2348 470 2413 BLOMF.

241 2450 314 2537 863.
330 2458 387 2534 πῦρ
402 2455 449 2517 καὶ
464 2459 537 2534 φῶς,
554 2476 666 2540 nempe
681 2454 854 2532 ἐπιβώμιον.
882 2455 1001 2537 Agara.
1016 2469 1091 2536 579.
1107 2451 1220 2538 Eurip.
1238 2453 1295 2517 Or.

199 2568 292 2637 1135.
309 2553 499 2637 Ὀλολνγμδς
513 2556 610 2634 ἔσται,
624 2561 681 2637 πῦρ
695 2554 719 2619 τ’
736 2554 908 2636 ἀνάψουσιν
923 2560 1012 2621 θεοῖς.
1036 2554 1210 2618 BLOMF.

241 2656 312 2736 864.
330 2657 431 2742 δαίων]
447 2657 537 2723 δαίων
553 2657 629 2722 Ald.
647 2660 751 2721 Turn.
769 2656 879 2742 steph.

239 2757 344 2841 ἀρχαῖς
366 2784 400 2824 τε
422 2761 656 2839 πολισσουάμοις
679 2760 847 2822 Porsonus.
881 2756 976 2841 ἀρχάς
999 2785 1032 2823 τε
1054 2762 1295 2838 πολισσονόμους

195 2854 276 2921 libri.

241 2961 312 3047 865.
328 2962 475 3048 πατέρων]
491 2964 610 3045 πάτρων
625 2961 701 3027 Ald.
714 2986 753 3026 ex
769 2985 834 3049 quo
851 2965 955 3027 Turn.
980 2965 1118 3046 πατρῷον
1133 2960 1216 3026 fecit.

240 3063 300 3141 ἕξει
321 3063 456 3146 πατέρων
470 3064 567 3146 μέγαν
583 3065 696 3149 ὄλβον]
722 3064 774 3127 Sic
790 3066 915 3128 Orestes
937 3087 988 3151 ap.
1005 3063 1153 3149 Sophoel.
1171 3065 1222 3129 Et.
1240 3081 1293 3147 72.

197 3186 230 3227 ae
244 3164 309 3229 fieri
324 3167 392 3229 vult
408 3165 614 3250 ἀρχέπλουτον
629 3166 677 3229 καὶ
691 3166 878 3243 καταστάτην
892 3168 1000 3244 δόμων.
1026 3167 1125 3230 SCH.

241 3266 314 3330 866.
330 3268 442 3353 πάλην]
457 3268 551 3331 πάλιν
565 3267 664 3331 codex
679 3266 854 3331 Robortelli
869 3282 900 3330 et
915 3264 995 3329 Aid.

238 3367 329 3447 μόνος
343 3391 404 3432 om.
422 3369 530 3433 Guelf.
546 3367 623 3433 Ald.
640 3370 743 3431 Turn.

240 3469 295 3555 ὢν]
314 3470 356 3534 ὢν
371 3470 407 3552 δρ
423 3472 455 3533 T
459 3493 529 3535 um.

240 3571 374 3657 ἔφεδρος]
398 3574 577 3638 Sabaeaaor.
607 3574 798 3637 Tertiariua.
825 3574 920 3653 τρίτος
946 3570 1125 3652 ἐφεδρεύων,
1150 3568 1291 3654 Hesyeh.

199 3673 249 3736 Sic
270 3673 433 3738 dicebatur
453 3673 571 3739 athleta
591 3674 647 3760 qui
662 3672 822 3737 certamini
844 3671 1017 3749 adsidebat,
1031 3684 1062 3734 et
1077 3692 1149 3734 eum
1164 3669 1292 3750 victore,

195 3774 220 3838 ai
235 3776 279 3841 ita
293 3776 392 3841 visum
408 3789 464 3855 est,
479 3775 667 3840 deeertabat.
690 3775 865 3838 BLOMF.

240 3877 314 3959 867.
331 3881 409 3943 θεῖος
424 3877 528 3939 Turn.
553 3878 642 3942 θείοις
656 3873 725 3938 libri
742 3873 863 3959 reliqui.

239 3976 313 4040 868.
344 3975 448 4060 άψειν]
478 3976 657 4041 Coaarrrrc.
695 3973 809 4037 Rarior
839 3996 931 4037 usus:
962 3973 1149 4061 plerumque
1177 3974 1292 4039 dicitur

196 4078 335 4143 συνάπτω
350 4078 459 4161 μάχην.
503 4080 600 4144 Eum.
616 4093 690 4162 307.
710 4077 805 4162 χορὸν
826 4078 963 4160 ἅψωμεν.
986 4077 1128 4165 Hesych.
1146 4075 1289 4143 ''Aarrwz

195 4179 364 4245 συνάπτειν.
387 4180 565 4245 BLOMF.

240 4281 319 4366 νίκῃ]
337 4282 420 4359 νίκην
434 4279 511 4344 Ald.
528 4282 633 4344 Turn.
678 4282 783 4367 Supra
795 4281 868 4362 478.
888 4277 1009 4360 πέμπετ’
1025 4279 1144 4360 ἀρωγὴν
1162 4278 1167 4365 Ι
1186 4279 1291 4341 παισὶν

196 4383 372 4462 προφρόνως
386 4382 434 4446 ἐπὶ
449 4383 551 4462 alana:
576 4380 670 4459 Quod
685 4381 709 4444 ai
726 4382 872 4461 ἐπὶνίκην
887 4381 936 4459 sit,
948 4382 991 4444 ad
1004 4381 1170 4444 victoriam
1185 4399 1291 4464 repor-

708 4502 767 4566 311
