2984 5054
252 338 318 403 524
617 341 996 406 ANNO'I'ATIONES

251 504 393 588 γενέσθαι
414 507 565 588 Λύκωρον,
588 508 636 570 καὶ
662 507 721 571 ὰπὸ
747 509 804 587 μὶν
826 509 966 590 Λυκώρου
995 512 1085 573 πόλιν
1110 508 1292 589 Λυκώρειαν,
1318 505 1352 570 τὸ

251 607 360 687 ἄντρον
375 608 408 670 δὲ
422 608 626 685 ὀνομασθῆναι
640 607 674 671 τὸ
690 609 840 689 Κωρύκιον
855 608 913 673 ὰπὸ
928 613 979 689 τῆς
993 612 1157 693 Νύμφης.);
1182 622 1249 673 tum
1265 608 1352 694 quod

251 707 411 794 Nymphis
432 729 501 771 eum
526 710 614 772 Pane
635 709 830 796 potissimum
852 709 1021 776 haberetur
1042 734 1174 776 sacrum.
1196 710 1293 793 Ἱερὸν
1320 714 1354 774 δὲ

252 809 324 873 αι’ττὸ
349 811 378 872 οἱ
402 810 470 890 περὶ
495 808 548 872 τὸν
573 811 761 892 Παρνασσὸν
788 813 944 893 Κωρυκίων
973 837 1006 876 τε
1034 811 1112 877 εἶναι
1139 818 1276 894 Νυμφῶν
1305 813 1354 877 καὶ

252 910 356 978 Πανὸς
382 909 515 990 μάλιστα
537 912 670 991 ἥγηνται.
698 913 834 977 Pausan.
859 912 937 977 ibid.
982 913 1162 978 Addendus
1192 914 1354 979 Strabonis

250 1013 337 1077 locus
349 1034 378 1099 9.
395 1035 426 1098 p.
437 1030 510 1096 417.
525 1011 716 1096 Ἱεροιιρεπῆς
731 1012 755 1077 δ’
772 1016 838 1078 ἐστὶ
851 1019 909 1082 πᾶς
923 1018 940 1079 ὁ
956 1015 1149 1096 Παρνασσὸς,
1167 1017 1245 1099 ἔχων
1260 1018 1353 1099 ἄντρα

251 1141 285 1180 τε
300 1117 347 1179 καὶ
363 1117 445 1179 ἄλλα
466 1116 562 1198 χωρία
583 1114 732 1195 τιμώμενώ
752 1141 785 1180 τε
808 1118 856 1181 καὶ
878 1120 1104 1199 ἅγιοτευύμενα·
1128 1121 1170 1182 ὧν
1191 1119 1256 1183 ἐστὶ
1279 1145 1354 1201 γνω-

250 1220 416 1300 ριμώτατον
438 1218 486 1281 καὶ
508 1217 671 1281 κάλλιπον
690 1217 724 1280 τὸ
746 1219 896 1300 Κωρύκιον
911 1225 1047 1303 Νυμφῶν
1061 1222 1181 1303 ἄντρον,
1198 1222 1353 1302 ὁμώνυμον

251 1325 292 1407 τῷ
316 1321 448 1404 nutem.
473 1319 641 1383 STANL.
686 1319 763 1383 Alia
782 1344 813 1384 v:
831 1344 882 1407 ap.
903 1321 1014 1386 Elmsl.
1036 1323 1077 1386 ad
1098 1322 1213 1410 Eurip.
1238 1322 1352 1386 Bacch.

253 1440 348 1611 5533.
373 1526 522 1608 φίλορνις]
542 1522 664 1587 Scilicet
684 1522 785 1602 lucus,
800 1525 855 1611 qui
870 1540 996 1590 antrum
1013 1525 1182 1613 Corycium
1197 1524 1353 1610 cingebat,

253 1627 293 1692 ab
308 1627 419 1692 avibus
433 1626 700 1713 frequentabatur.
726 1628 827 1691 SCH.

296 1730 443 1810 δαιμόνων
457 1726 648 1814 ἀναστροφὴ]
664 1728 793 1792 denrtcm
809 1729 1041 1807 divertictdum,
1055 1728 1140 1792 ἷαυιιι
1160 1749 1181 1790 α
1203 1729 1267 1790 diis
1282 1729 1354 1811 sre-

149 1920 153 1926 .
251 1840 429 1920 queruletur.
446 1830 545 1894 SCH.
569 1831 745 1912 daccrpndh
761 1830 871 1917 Steph.
887 1831 1065 1913 ἆναστροφὰ
1080 1831 1132 1893 Μ.
1147 1829 1256 1895 Guell'.
1272 1829 1351 1893 Ald.

253 1933 337 1998 Rcb.
362 1935 465 1997 Turn.
493 1931 577 1995 unde
599 1932 788 2015 ἁναστροφαὶ
810 1934 853 1996 Τ.
877 1954 917 1995 ex
938 1931 1137 2011 correctione,
1159 1945 1196 1996 ut
1214 1931 1351 2009 videtur,

254 2033 407 2099 Triclinii.

296 2155 347 2217 24.
364 2138 489 2217 Βρόμιος
503 2134 527 2200 δ’
546 2134 582 2218 (δ’
598 2157 660 2199 om.
678 2133 777 2218 Rob.)
799 2133 864 2219 ἔχει
883 2134 937 2198 τὸν
949 2134 1061 2219 χῶρον]
1075 2136 1226 2222 inprimis
1247 2144 1352 2198 aulem

251 2237 396 2301 Bacchus
410 2238 492 2300 tanc
505 2239 606 2301 sedem
621 2237 748 2314 obtinet,
763 2235 814 2301 cui
829 2259 868 2301 ex
884 2236 1009 2301 duobus
1024 2235 1169 2300 Parnassi
1184 2235 1354 2301 verticibus

251 2339 385 2404 alterum
401 2361 523 2403 sacrum
538 2339 633 2403 fuisse
647 2354 778 2404 constat.
803 2337 960 2404 Stanleius
972 2351 1133 2426 comparat
1147 2336 1262 2425 Eurip.
1279 2338 1352 2424 Iph.

255 2443 356 2506 Teuc.
373 2460 508 2527 v.1a43.

427 2564 493 2624 Τὸν
505 2562 718 2642 βακχεύουσαν
733 2560 873 2642 Διονύσῳ

430 2661 608 2742 Παρνάσιον
623 2660 765 2742 κορυφών.
811 2661 913 2723 SCH.

299 2797 350 2864 25.
376 2781 425 2844 26.
449 2778 582 2842 Penthei
604 2777 748 2841 interitus
773 2775 814 2839 ab
836 2779 950 2860 Agave
971 2774 1142 2860 ceterisque
1169 2772 1354 2837 Bacchabus

253 2879 400 2966 discerpti
417 2878 590 2943 luculenter
604 2876 785 2964 depingitur
799 2875 885 2961 apud
897 2875 1009 2960 Eurip.
1023 2874 1138 2940 Bacch.
1150 2866 1273 2939 v.111'0
1284 2899 1352 2963 sqq.

300 3101 351 3169 25.
367 3082 447 3168 alre]
463 3083 498 3146 οὗ
512 3107 549 3164 γε
564 3083 741 3145 Porsonus:
766 3101 832 3167 quo
847 3101 909 3142 non
924 3100 1012 3165 opus.

301 3189 352 3254 26.
374 3187 459 3268 λαγὼ
478 3182 571 3268 δίκην]
589 3182 676 3246 Sicut
690 3179 871 3269 lepusculus
885 3179 966 3244 enim
982 3179 1179 3266 discerpitur,
1194 3180 1356 3245 Pentheus

256 3312 275 3353 a
301 3286 485 3352 Bacchabus
509 3285 713 3350 lacerabatur.
757 3285 803 3348 Et
829 3282 894 3347 visa
917 3282 973 3346 sibi
999 3298 1046 3348 est
1068 3284 1193 3369 Agave,
1219 3283 1295 3347 dum
1323 3283 1355 3346 in

256 3390 354 3455 filium
377 3388 526 3466 irruebat,
542 3387 573 3451 in
596 3385 729 3463 leonem,
745 3400 781 3450 ut
795 3385 967 3470 Euripides
981 3384 1002 3448 l.
1017 3383 1054 3463 l.,
1069 3383 1118 3449 vel
1134 3385 1167 3448 in
1180 3407 1302 3473 aprum,
1319 3402 1355 3449 ut

258 3493 391 3559 Ovidius
413 3506 574 3569 memorat,
592 3491 740 3575 (Metam.
756 3509 788 3574 3,
803 3488 892 3573 715.)
908 3486 1047 3561 irruere3
1071 3486 1158 3573 apud
1179 3510 1274 3573 quem
1295 3486 1356 3550 alia

258 3594 459 3659 similitudine
479 3593 654 3658 illustratur
675 3589 806 3655 facilitas
826 3611 863 3653 ac
884 3588 1023 3653 celeritas
1043 3588 1137 3652 sumti
1159 3589 1200 3653 de
1215 3588 1358 3653 Pentheo

259 3696 421 3783 supplicii:

706 3778 786 3841 Visis
800 3775 939 3839 ululavit
953 3774 1075 3860 Agave,

389 3880 692 3967 Colluqraejactuvit‚
707 3880 863 3963 movitque
874 3896 934 3963 per
947 3885 1023 3938 αέτα
1036 3877 1164 3947 crinem,

388 3983 603 4067 Auulsumque
618 3987 713 4064 caput
725 3978 840 4063 dig-itis
854 3977 1013 4062 complexu
1026 3977 1165 4038 cruentis

390 4084 536 4148 Clamat:
560 4083 597 4145 Io
611 4080 748 4156 comiter,
762 4100 841 4164 opus
852 4079 918 4140 Ιιωο
932 4078 1065 4140 victoria
1077 4085 1222 4140 αοιιτυυι
1235 4085 1291 4140 cat.

388 4185 465 4247 Non
480 4181 716 4265 dtiuafroadcs
729 4180 1020 4265 uutrtmunfiigore
1034 4187 1134 4242 tactas

388 4284 524 4371 Jamque
538 4282 617 4344 male
631 4281 786 4344 lroercntcs
800 4280 867 4343 ulta
880 4280 969 4366 rapit
982 4280 1094 4343 arbore
1109 4289 1231 4357 nentur,

262 4475 351 4539 SCH
392 4389 494 4462 thm
507 4393 584 4449 sunl
597 4384 734 4448 noemhrn
749 4383 814 4447 viri
829 4381 975 4446 munibus
989 4381 1116 4467 direpta
1129 4383 1287 4465 nefandis.
