2984 5054
444 360 513 423 AD
535 359 938 425 AGAMEMNONEM.
1179 358 1242 420 425

147 544 240 612 1550.
286 525 449 591 Lacunam
469 527 645 614 repetendis
659 527 720 592 illis
733 527 807 615 ipsis
822 527 962 592 versibus
976 524 1161 613 explendam
1177 548 1243 591 esse

143 627 224 693 vidit
238 627 407 691 Burneius.

190 729 283 814 1568.
297 730 448 813 χρησμόν]
468 728 673 795 Scribendum
688 733 822 813 χρησμός
840 753 913 794 cum
929 728 1127 793 Casaubono.
1149 755 1243 812 χρησ-

143 833 202 912 μόν
215 830 270 917 qui
285 853 407 895 servare
420 829 537 910 volent,
551 830 659 910 ἐνέβης
672 831 805 896 scribere
819 831 991 909 debebunt,
1006 829 1093 917 quod
1112 830 1243 916 conjecit

147 935 311 997 Canterus.
479 981 502 1019 ω

193 1037 286 1120 1569.
301 1040 523 1101 Πλεισθενιδᾶν
538 1035 579 1098 Τ.
626 1033 831 1099 Scribendum
847 1038 1083 1099 Πλεισθενιδῶν.

191 1158 286 1229 1570.
304 1145 413 1225 θεμένη
428 1144 478 1208 Fl.
502 1144 613 1224 θεμένα
627 1143 731 1230 vulgo.
756 1133 867 1225 θεμένίι
883 1146 926 1208 Τ.

190 1262 283 1331 1571.
298 1245 459 1332 δύοτλητα]
475 1248 630 1326 δύσπλητα
645 1245 694 1309 Fl.
740 1247 818 1311 Post
834 1244 897 1311 ὅνθ
913 1266 1034 1310 comma
1048 1259 1194 1332 ponatur.

190 1365 283 1433 1573.
298 1348 630 1429 τρίβειν-αὐθένταισι
644 1370 705 1412 0111.
723 1350 765 1412 T.

188 1449 319 1514 κτεάνων
332 1449 377 1534 τε]
394 1448 524 1514 κτεάνων
539 1452 572 1514 δὲ
588 1450 633 1515 Is.
646 1449 785 1515 Vossius.

191 1565 283 1636 1575.
300 1551 549 1633 κᾶλληλοφόνονς
564 1553 729 1618 Canterus.
751 1552 774 1617 δ’
791 1553 1025 1634 ἀλληλοφόνους
1038 1549 1119 1616 libri.

192 1669 284 1739 1579.
300 1654 358 1734 ἄγη
372 1654 526 1717 Auratus.
549 1655 609 1736 ἄχη
624 1653 705 1718 libri.

192 1755 286 1839 1580.
302 1752 460 1839 Ἐρινύων]
475 1755 637 1837 Ἐριννύων
652 1754 733 1819 libri.

192 1857 284 1941 1582.
300 1853 406 1940 χερὸς]
421 1856 522 1940 χειρὸς
536 1858 578 1919 Τ.

192 1957 287 2042 1585.
304 1955 408 2043 αὑτοῦ]
425 1958 514 2023 αὐτοῦ
528 1956 611 2023 libri.

189 2059 214 2124 δ’
229 2057 400 2122 Elmsleius
413 2058 455 2123 ad
470 2059 585 2146 Eurip.
603 2062 694 2126 Med.
711 2079 784 2147 940.
799 2084 832 2147 p.
850 2063 923 2126 226.
970 2060 1172 2125 scribebatur
1186 2061 1221 2123 τ’.

188 2162 373 2244 ἀμφίλεκτος
386 2159 429 2225 δν
445 2160 555 2247 κράτει]
571 2162 676 2227 Aliter
690 2178 786 2249 atque
799 2162 851 2226 alii
866 2178 958 2250 poeta
974 2161 1125 2250 Thyestis
1140 2161 1246 2226 Atrei·

147 2286 211 2350 que
223 2261 363 2328 fabulam
376 2262 533 2329 informat.
571 2263 681 2352 Fingit
695 2266 775 2329 euim
792 2265 963 2330 dissensum
978 2264 1060 2328 inter
1075 2278 1246 2350 utrumque

147 2365 274 2430 fratrem
289 2364 330 2428 de
344 2362 487 2451 imperio,
501 2366 766 2455 quemadmodum
788 2366 869 2431 inter
883 2366 1044 2430 Eteoclem
1067 2380 1099 2430 et
1114 2364 1243 2452 Polyni-

147 2490 215 2533 cem
240 2467 349 2545 luisse,
372 2465 486 2531 deinde
512 2467 685 2554 Thyestem
710 2468 751 2532 ab
776 2470 878 2532 Atreo
901 2467 933 2531 in
960 2467 1102 2531 exsilium
1128 2482 1245 2544 actum,

148 2567 244 2656 paulo
257 2582 329 2654 post
343 2567 469 2632 rediisse
483 2582 514 2632 et
530 2568 637 2633 salutis
650 2592 744 2634 causa
760 2568 802 2632 ed
821 2590 906 2633 aram
926 2568 1113 2656 confugisse.
1157 2570 1245 2632 Tum

148 2673 285 2737 Atreum
300 2692 372 2733 eum
386 2668 549 2734 horrendis
563 2669 624 2734 illis
637 2686 670 2735 et
684 2671 838 2735 sceleratis
852 2670 954 2757 epulis
975 2669 1142 2757 excepisse.
1187 2670 1247 2733 Ve-

147 2793 219 2838 rum
234 2770 329 2836 serior
341 2770 460 2848 fabula,
475 2793 571 2857 quem
588 2773 706 2836 Seneca
726 2795 854 2858 quoque
874 2771 907 2834 in
930 2771 1072 2857 Thyeste
1093 2769 1247 2857 sequitur,

149 2875 283 2938 Atreum
306 2894 342 2936 ac
365 2872 539 2960 Thyestem
561 2871 687 2938 alternis
708 2873 797 2937 annis
817 2872 969 2959 regnandi
988 2873 1072 2937 vices
1092 2873 1247 2960 pepigisse

150 2973 256 3039 tradit.
300 2974 472 3061 Thyestem
504 2997 577 3038 vero
603 2973 645 3039 ab
668 2976 795 3061 Aerope
823 2974 929 3038 fratris
957 2997 1066 3052 uxore,
1093 2996 1187 3060 quam
1214 2974 1247 3038 in

148 3075 338 3140 adulterium
366 3074 539 3162 pellexerit,
564 3073 717 3161 adjutam,
744 3075 830 3140 aurei
857 3075 977 3140 velleris
1005 3076 1131 3141 arietem
1156 3077 1248 3163 cujus

149 3176 315 3264 possessori
340 3198 472 3262 regnum
502 3175 575 3240 fatis
602 3175 790 3240 destinatum
821 3193 899 3258 erat,
922 3178 1094 3257 abstulisse,
1120 3192 1186 3241 tum
1213 3179 1246 3241 in

149 3278 277 3344 exilium
296 3277 417 3355 abiisse,
433 3277 528 3364 paulo
545 3292 616 3364 post
635 3277 676 3340 ab
692 3280 793 3343 Atreo
814 3301 871 3366 per
891 3280 1021 3365 speciem
1043 3279 1247 3345 reconciliatae

150 3379 317 3446 voluntatis
329 3394 517 3445 revocatum.
542 3380 644 3442 SCH.

195 3483 290 3568 1587.
305 3480 418 3565 ἑστίας]
433 3482 536 3545 έστίιιν
550 3483 703 3545 Auratua.

196 3584 288 3668 1588.
304 3582 408 3668 εὕρετ’]
425 3581 629 3646 Scribendum
644 3580 749 3663 ηὕρετ’.
771 3580 849 3662 ἤρετ’
866 3585 1018 3645 Auratus.

197 3686 289 3769 1589.
305 3686 382 3748 Post
396 3683 489 3748 πέδον
503 3698 655 3769 punctum
670 3697 814 3770 ponatur.

196 3805 287 3871 1590.
303 3785 401 3849 αὐτοῦ·
424 3783 520 3867 ξένια]
538 3785 638 3848 Recte
654 3786 857 3848 Hermannus
872 3784 1030 3864 δστοξένια
1043 3783 1187 3848 correxit.

195 3903 289 3972 1592.
312 3884 472 3967 κρεουργὸν
484 3884 573 3968 ἦμαρ]
588 3885 669 3950 Dies
686 3908 746 3973 quo
759 3886 933 3949 celebrator
947 3886 1122 3949 visceratio.
1168 3886 1245 3949 Post

149 3986 296 4052 sacrificia
308 3986 402 4066 facta,
417 3986 537 4073 populo
551 3986 691 4051 carnium
709 3986 888 4051 distributio
902 3985 1007 4064 fiebat,
1023 3985 1246 4050 recentioribus

149 4089 233 4155 dicta
247 4088 426 4170 rependamus,
443 4089 607 4168 κρεοδοσία,
624 4091 791 4169 κρεανομία.
838 4088 899 4152 Sed
915 4089 965 4152 hic
979 4089 1113 4175 ceperim
1128 4088 1245 4174 simpli·

148 4189 216 4254 cius
228 4212 287 4276 pro
301 4189 455 4274 dissuto,
466 4190 503 4251 in
513 4210 573 4275 quo
583 4191 725 4253 οοτινίνὶς
740 4210 851 4252 carnes
864 4190 1113 4276 αιίροτιοδατιίιιτ.
1129 4188 1243 4274 Odyss.

149 4296 187 4355 0.
202 4311 273 4372 140.
288 4294 349 4373 παρ
370 4292 404 4354 δὲ
417 4287 577 4368 Βοηθοίδης
591 4289 662 4371 κρέα
676 4291 786 4367 δαίετο,
801 4292 850 4354 καὶ
865 4289 935 4369 νέμε
952 4291 1065 4369 μοίρας.
1110 4292 1171 4353 Est
1185 4312 1241 4352 au·

148 4405 210 4455 tem
227 4394 383 4475 κρεονργός
396 4392 516 4455 lenires.
539 4391 713 4455 BLOMF.

195 4509 287 4578 1593.
301 4494 442 4558 παιδείων
456 4493 508 4556 Fl.
524 4493 567 4556 T.
591 4494 716 4556 παιδίων
727 4491 832 4578 vulgo.

668 4611 729 4676 311
