2984 5054
467 351 535 414 AD
559 352 889 415 CHOEPHORAS.
1167 347 1231 411 tau

124 512 267 591 tuebaut,
285 530 320 579 ut
334 538 372 580 ea
385 516 441 603 qui
457 517 498 581 ad
513 519 677 606 exsequias
690 535 818 585 venerat
832 544 864 584 se
878 519 1087 607 adspergeret.
1110 517 1226 604 Eutip.

126 613 198 678 Alc.
215 615 267 699 98.
290 623 394 682 πυλῶν
414 619 558 700 πάροιθεν
580 620 604 683 δ’
620 622 678 704 ούχ
699 624 758 702 ὁρῶ
777 621 783 708 Ι
801 628 940 705 πηγαῖον,
963 624 1003 689 ῶς
1026 622 1183 701 νομίζεται,
1202 619 1209 706 Ι

125 715 242 799 χέρνιβ’
268 720 317 783 ἐπὶ
341 724 455 800 φθιτῶν
480 723 596 789 πύλαις.
645 723 708 786 Ηίο
734 746 809 787 vero
833 747 947 810 aquam
974 723 1059 786 illam
1088 722 1227 799 denotat,

125 816 217 903 cujus
230 817 262 881 in
278 821 491 905 parentalibus
510 823 665 888 sacrificiis
688 847 763 889 usus
785 840 861 904 erat,
876 825 952 889 alias
973 827 1082 908 χθόνια
1103 823 1227 905 λουτρά.

127 919 326 985 Dioscorides
348 922 479 987 Anthol.
500 945 600 1010 3,13.
624 925 725 990 Ἀλλῖι
749 929 940 1007 περιστείλας
961 952 998 1007 με
1023 927 1104 991 δίδον
1129 925 1228 1008 χθονί,

126 1021 192 1101 μηδ’
223 1024 271 1086 ἐπὶ
300 1029 393 1110 νεκριγῖ
422 1031 540 1109 Λουτρὰ
569 1028 652 1115 χέῃς.
702 1029 872 1093 Enimvero
899 1028 1041 1112 χέρνιβες
1069 1050 1149 1114 quas
1179 1026 1230 1091 hic

127 1124 261 1188 effundit
278 1126 416 1204 Electra,
436 1128 519 1193 idem
542 1145 616 1195 sunt
636 1154 674 1194 ac
695 1133 806 1212 λουτρὰ
828 1129 882 1195 illa
904 1154 977 1216 quae
997 1130 1083 1217 apud
1108 1129 1230 1216 Sopho-

126 1225 218 1305 clem,
233 1227 341 1291 eadem
362 1231 531 1310 occasione,
547 1233 643 1296 sorori
667 1256 733 1298 suae
748 1232 1004 1320 Chrysothemidi
1027 1256 1066 1297 ne
1087 1232 1230 1297 effundat

127 1329 238 1395 suadet
264 1354 295 1394 v.
317 1350 391 1417 432.
422 1332 522 1408 Ἀλλ’,
549 1332 573 1398 ῶ
599 1336 685 1416 φίλη,
711 1338 824 1400 τούτων
848 1336 914 1415 μέν,
939 1338 982 1400 ὧν
1007 1337 1087 1419 ἔχεις
1114 1342 1228 1418 χεροῖν,

126 1433 239 1518 Τύμβιρ
261 1434 422 1521 προσάψῃς
442 1434 545 1515 μηδέν,
568 1437 603 1499 οὐ
622 1435 680 1517 γάρ
705 1463 756 1501 σοι
781 1438 874 1518 θέμις,
899 1437 971 1502 Οὐδ’
998 1438 1094 1510 ὅσιον,
1123 1439 1230 1520 ἐχθρᾶς

127 1535 187 1598 άπὸ
208 1537 349 1616 γυναικὸς
370 1536 489 1601 ἱστάναι
504 1537 692 1618 Κτερύσματ’,
707 1539 775 1602 οὐδὲ
796 1542 908 1621 λουτρὰ
927 1537 1113 1621 προσφέρειν
1129 1540 1229 1620 πατρί.

128 1637 297 1701 STANL.

171 1747 292 1821 βροτοῖς
308 1742 357 1805 Μ.
374 1741 457 1806 Rob.
476 1741 584 1826 steph.
601 1749 704 1821 βοτοῖς
719 1741 827 1807 Guetf.
841 1742 919 1806 Ald.
931 1745 1036 1807 Turn.
1052 1769 1100 1824 γρ.
1116 1746 1230 1822 νεκροῖς

126 1840 318 1929 adscriptum
339 1842 371 1906 in
387 1841 497 1906 Guelf.
514 1858 546 1906 et
562 1844 612 1906 M.
657 1845 737 1921 Quae
760 1843 807 1908 vel
830 1845 1009 1931 conjectura
1030 1843 1146 1909 librarii
1169 1858 1228 1920 est,

128 1961 211 2008 recte
231 1943 505 2008 animadvertentis
527 1945 667 2030 ineptum
692 1968 757 2008 esse
771 1953 901 2027 βροτοῖς,
917 1946 964 2011 vel
980 1946 1132 2033 glossema
1146 1968 1229 2009 verae

128 2044 277 2124 lectionis,
300 2068 393 2132 quam
420 2048 623 2110 Hermannus
648 2047 783 2112 restituit
808 2049 840 2112 in
868 2049 1001 2113 Observ.
1024 2049 1093 2113 crit.
1117 2071 1148 2134 p.
1173 2050 1227 2132 63.

129 2153 255 2229 φθιτοῖς.
302 2149 352 2212 Sic
379 2148 410 2211 in
437 2150 524 2211 Pers.
550 2166 623 2213 220.
649 2152 788 2232 δεύτερον
813 2152 846 2213 δὲ
871 2151 929 2233 χρὴ
953 2155 1029 2234 χοὰς
1053 2155 1093 2236 γῇ
1119 2175 1152 2213 τε
1182 2151 1230 2212 καὶ

129 2255 245 2331 φθιτοῖς
258 2250 397 2334 χέασθαι.
412 2265 444 2314 et
459 2268 532 2334 523.
549 2251 651 2314 ἔπειτα
668 2255 707 2336 γῇ
728 2277 761 2315 τε
784 2253 832 2315 καὶ
853 2257 971 2332 φθιτοῖς
992 2252 1147 2332 δωρήματα
1168 2249 1229 2329 ἥξω

128 2356 270 2430 λαβοῦσα
283 2351 417 2415 πέλανον
433 2355 465 2431 ἐξ
479 2355 568 2415 οἴκων
583 2354 671 2430 ἐμῶν.
704 2351 852 2415 Similiter
867 2352 1052 2438 interpolata
1067 2351 1231 2435 Euripidis

30 2511 33 2515 ,
128 2451 224 2515 rerba
243 2467 316 2515 sunt
332 2452 594 2535 Herc.fur.491.
618 2456 647 2516 εῖ
666 2479 709 2520 τις
730 2456 868 2535 φθόγγον
890 2455 1096 2518 εῖσακούσεται
1116 2459 1229 2532 θνιγτῶν

128 2552 195 2636 παρ’
214 2553 314 2634 Ἀιδῃ.
340 2555 393 2618 ubi
421 2570 502 2619 recte
528 2555 698 2619 Elmsleius
724 2561 838 2636 φθιτῶν
862 2555 1007 2619 restituit.
1038 2553 1228 2640 Hesychius,

129 2659 246 2738 φθιτοῖς
271 2657 408 2738 φθαρτοὶ,
425 2657 537 2736 θνητοὶ,
554 2660 662 2738 νεκροί·
685 2655 704 2736 ἢ
720 2661 840 2721 εἴδωλα.

176 2779 246 2844 130.
262 2757 378 2843 πατέρ’]
393 2758 487 2838 πάτερ
503 2758 587 2822 Rob.

177 2881 247 2945 131.
271 2859 450 2923 Delendum
472 2882 592 2923 comma
615 2875 685 2948 post
704 2859 853 2943 Ὀρέστην
876 2861 1023 2948 positum,
1039 2877 1109 2948 post
1132 2864 1231 2944 δόμοις

129 2978 233 3026 autem
260 2961 384 3048 signum
408 2961 619 3048 interrogandi
647 2964 838 3048 ponendum.
883 2964 1065 3028 Accusativi
1089 2967 1183 3047 φίλον
1204 2965 1230 3027 τ’

128 3064 278 3145 Ὀρέστην
295 3085 356 3127 noo
378 3086 451 3127 cum
474 3067 665 3146 luctaremur,
682 3064 735 3129 sed
758 3089 831 3130 cum
853 3066 1002 3146 ἀνάξομεν
1019 3065 1230 3131 construendi.

129 3167 278 3246 ἀνάξομεν
300 3166 445 3232 futurum
471 3182 517 3229 est
540 3166 625 3231 verbi
647 3167 779 3248 ἀνάγειν.
826 3167 977 3232 Absurde
1003 3167 1166 3232 scholiasta
1190 3169 1231 3234 ab

129 3269 278 3333 άνάσσειν
291 3268 467 3333 derivatum
482 3291 539 3354 per
552 3270 779 3349 βασιλεύσομεν
791 3280 837 3333 est
852 3269 1084 3354 interpretatus.

176 3391 189 3434 1
194 3391 246 3456 31.
269 3370 452 3453 πεπραμένοι
467 3370 683 3434 Casaubonus.
708 3369 911 3451 πεπραγμένοι
930 3369 1010 3447 libri,
1026 3371 1112 3456 quod
1135 3371 1231 3435 schol.

129 3473 353 3558 interpretatur
375 3471 568 3550 νενικημένοι,
593 3469 855 3552 κατηγωνισμένοι.
901 3470 1030 3534 “Infra
1049 3487 1121 3555 915.
1145 3477 1233 3555 διχῶς

130 3575 272 3656 ἐπράθην,
295 3572 338 3637 ῶν
360 3572 520 3653 ἐλευθέραν
542 3575 661 3654 πατρός.
686 3568 831 3658 Sophocl.
855 3568 937 3634 Phil.
954 3572 1028 3655 978.
1052 3574 1151 3651 Οἶμαι,
1174 3572 1230 3637 πέ-

129 3701 252 3756 πραμαι,
268 3673 430 3739 κὰπόλωλ.
448 3678 526 3738 Aut.
543 3690 634 3759 1035.
654 3672 878 3752 Ἐξημπάλημαι
902 3673 1157 3754 κάκπεφάρτισμαι
1178 3673 1233 3737 πά-

129 3783 193 3840 λαι.
234 3778 285 3840 Ita
298 3776 364 3840 fere
378 3797 435 3838 nos
449 3774 561 3861 Angli,
578 3783 599 3813 ⁴‘
610 3775 729 3857 boisght
742 3775 808 3837 uod
821 3774 906 3838 παῖδ’
920 3773 941 3839 i.
954 3798 981 3838 e.
997 3774 1113 3839 traditi.
1150 3777 1232 3840 Mox

129 3879 272 3958 άλύμεθα
286 3876 365 3941 Ald.
384 3876 467 3941 Rob.
486 3877 610 3941 Turn.”
634 3877 808 3940 BLOMF.

177 3981 248 4064 136.
265 3981 398 4064 φεύγων]
417 3981 543 4061 φεύγειν
558 3980 608 4041 Μ.
626 3977 735 4042 Guelf.
750 3978 849 4041 codex
866 3978 1039 4043 Robortelli
1055 3995 1087 4043 et
1103 3979 1179 4044 Ald.

177 4099 247 4165 137.
261 4079 357 4165 μέγα]
372 4080 448 4160 μέτα
464 4082 514 4144 Μ.
532 4081 642 4144 Guelf.
660 4079 737 4144 Ald.
754 4081 840 4145 Rob.

175 4201 246 4263 144
270 4184 366 4268 δίκην]
393 4182 600 4246 Scribenduut
623 4183 688 4270 disq,
710 4204 781 4245 cum
805 4183 848 4245 Is.
865 4182 983 4260 Vossio,
1000 4182 1056 4246 nisi
1078 4205 1136 4269 pro
1153 4185 1229 4249 άντι·

130 4288 288 4348 κατθανεῖν
302 4283 388 4347 aliud
404 4282 477 4347 olim
495 4283 623 4347 verbum
640 4283 755 4347 lectum
770 4282 845 4346 fuit.
891 4282 982 4347 Idem
1001 4284 1134 4370 conjecit
1150 4287 1233 4348 Her·

131 4408 278 4464 manuus,
294 4385 347 4449 sed
371 4387 596 4451 ἀντικατθανεῖν
610 4385 640 4448 iu
665 4386 909 4450 ἆντικατακανεῖν
923 4402 1055 4466 mutato,
1070 4403 1232 4473 praeeunte

132 4487 182 4549 M.
205 4486 296 4572 cujus
321 4487 352 4550 in
376 4485 516 4572 margine
538 4501 679 4550 notatum
705 4512 752 4567 γρ.
779 4488 1048 4575 ἀντικατακτανεῖν,
1071 4486 1112 4550 ud
1138 4508 1233 4572 quum

637 4605 732 4671 grta
