2984 5054
509 341 576 403 ΑΙ)
599 340 897 407 EUMENIDES.
1189 344 1254 406 tas

149 525 253 606 μικρὸν
268 526 341 606 ὅπερ
356 526 385 588 σί
399 527 568 606 ἂγνίζοντες
582 527 727 593 θύσαντες
741 528 794 593 τὰς
806 533 911 610 χεῖρας
929 528 981 590 τοῦ
1000 527 1192 608 δγνιζομένου
1212 534 1252 614 τῷ

150 630 250 708 αἵματι
265 627 355 691 edroi
372 626 547 709 βρέχουσιν.
593 630 644 691 De
666 626 877 692 immolatione
899 627 984 712 porei
1005 627 1099 715 plura
1120 629 1253 716 reperies

149 728 234 814 apud
251 730 422 794 Varronem
439 727 479 791 de
494 730 545 792 Re
560 731 654 794 Rust.
672 748 700 806 2,
717 749 749 809 4.
775 730 943 793 STANL.

194 832 268 913 285.
290 831 376 898 όσοις
398 830 447 895 Μ.
470 833 543 895 Par.
566 831 674 895 Guelf.
697 831 781 895 Rob.
807 831 840 900 δς
861 839 922 900 τοῖς
944 832 1021 896 Ald.
1044 835 1126 901 ὅστις
1148 835 1250 899 Τωτιι.

151 932 260 1019 Steph.

191 1036 341 1118 ἀβλαβεῖ]
360 1036 485 1114 άβλαβῆ
501 1037 572 1099 Par.
590 1035 698 1099 Guelf.

194 1139 266 1204 286.
297 1139 406 1220 χρόνος
434 1143 569 1219 καθαιρεῖ
598 1139 744 1220 (καθαίρει
771 1137 939 1219 Stanleius)
967 1139 1065 1203 πάντα
1093 1139 1252 1222 γηράσκων

150 1238 236 1324 ὁμοῦ]
259 1239 418 1303 Prometh.
435 1241 508 1324 980.
531 1239 600 1305 ἀλλ’
621 1240 786 1305 ἐκδιδάσκει
807 1240 893 1306 πάνθ’
915 1244 932 1305 ό
954 1241 1112 1324 γηράσκων
1133 1243 1250 1324 χρόνος.

149 1340 317 1404 STANL.
363 1342 493 1406 Versum
517 1341 585 1406 looo
606 1343 712 1430 inepto
735 1341 862 1407 aliunde
886 1343 1036 1407 insertum
1062 1358 1146 1408 reete
1166 1342 1251 1409 delet

150 1443 363 1507 Hermannus.

191 1563 263 1629 292.
287 1546 358 1609 ἀλλ’
377 1546 448 1632 εἴτε]
473 1547 514 1610 In
535 1546 782 1611 invocationibus
803 1546 934 1611 deorum
957 1546 1095 1610 solemne
1115 1562 1182 1611 erat
1203 1546 1250 1612 di-

146 1668 234 1710 versa
261 1645 339 1726 loos,
365 1670 438 1732 quae
462 1647 506 1712 dii
532 1648 667 1712 maxime
694 1648 903 1727 celebrabant,
927 1671 984 1736 per
1008 1648 1248 1736 disjunctionem

146 1747 288 1812 adhibita
316 1748 469 1835 particula
498 1753 680 1816 εἴτε-εἴτε
707 1774 959 1815 commemorare.
1005 1750 1057 1815 Cf.
1084 1750 1247 1840 Aristoph.

147 1850 235 1916 Nub.
250 1872 281 1915 v.
297 1867 361 1930 270
375 1874 443 1939 sqq.
489 1851 666 1940 “Legitur
687 1869 790 1919 autem
808 1854 859 1918 hic
879 1876 956 1917 vers.
978 1876 1050 1918 cum
1073 1875 1137 1941 seq.
1159 1856 1246 1942 apud

147 1951 307 2040 Lycophr.
337 1952 432 2018 schol.
461 1953 503 2019 ad
532 1978 563 2018 v.
593 1971 668 2041 519.
696 1970 728 2020 et
758 1956 931 2036 Λιβυστίοις
960 1978 1019 2042 pro
1046 1961 1249 2035 Λιβυστικοῖς,

146 2053 331 2140 Utrumque
355 2056 442 2121 novit
470 2057 581 2144 Steph.
601 2059 736 2144 Byzant.
763 2058 852 2145 prius
878 2072 981 2122 tamen
1005 2073 1110 2122 noster
1131 2057 1245 2121 iterum

144 2156 176 2219 in
194 2157 305 2244 Suppl.
322 2181 352 2222 v.
371 2159 462 2240 287.”
485 2160 632 2225 Abresclt.
658 2161 755 2225 SCH.

188 2260 391 2345 [indumento]
407 2265 588 2341 Λιβυστικῆς
603 2261 820 2326 casaubonus.

189 2380 260 2445 293.
287 2362 448 2448 Τρίτωνος]
476 2362 568 2426 Circa
592 2363 709 2427 flumen
735 2379 768 2427 et
792 2362 894 2427 laeum
927 2363 1069 2428 Tritonis
1098 2362 1245 2427 Minerva

143 2463 280 2552 primum
296 2463 439 2551 virginali
453 2464 564 2528 habitu
579 2464 762 2551 apparuisse
775 2463 958 2544 dioebatur;
985 2464 1059 2528 hino
1080 2486 1193 2528 nonten
1215 2465 1244 2529 ei

141 2564 355 2646 Τριτογένειας
380 2563 452 2629 hinc
473 2579 521 2630 est
541 2564 629 2653 quod
645 2564 772 2631 Catullo
785 2566 895 2654 rapidi
911 2567 1058 2630 Tritonis
1071 2566 1149 2630 tera
1163 2587 1244 2630 nun·

141 2678 277 2753 cupatur
291 2668 416 2752 Argon.
432 2688 460 2730 v.
475 2685 551 2750 394.
576 2669 676 2735 SCH.

182 2769 288 2853 πόρου]
303 2771 417 2850 σπόρου
432 2767 527 2833 schol.
545 2770 705 2857 Lycophr.
723 2793 751 2833 v.
766 2786 840 2856 519.

186 2890 257 2957 294.
281 2873 397 2952 τίθησιν
412 2869 541 2954 ὀρθδνῆ
564 2877 713 2955 κατηρεφῆ
733 2872 823 2956 πόδα]
848 2871 1006 2936 Heathius
1026 2869 1174 2957 opinatur
1193 2897 1243 2935 κα-

141 2977 269 3054 τορρεπῆ
292 2972 457 3059 legendum
480 2997 555 3052 esse,
578 2984 686 3039 ntrnm
713 2985 832 3040 rectum
857 2983 979 3040 statuet
1004 2995 1049 3037 an
1070 2973 1242 3060 proclivem

137 3076 255 3160 pedena.
302 3076 363 3140 Sed
380 3076 470 3140 unice
486 3099 558 3140 vera
575 3093 623 3141 est
636 3076 765 3164 vulgata
786 3075 887 3153 lectio,
902 3098 997 3163 quam
1019 3089 1122 3140 tamen
1145 3075 1243 3140 nolim

140 3198 212 3240 cum
233 3175 433 3241 Wakefieldo
455 3177 497 3242 sic
519 3200 685 3264 exponere,
704 3201 737 3264 q.
753 3178 784 3241 d.
806 3180 875 3242 sive
899 3178 1011 3242 hadent
1033 3180 1078 3242 idi
1100 3188 1240 3245 statuane

140 3288 271 3342 neotum
289 3289 321 3342 et
340 3281 461 3366 opertis
482 3283 560 3342 odeo
575 3281 700 3366 plantis
714 3281 919 3357 insistentem,
932 3280 1000 3342 sive
1014 3279 1118 3343 sedeat
1132 3281 1248 3368 imago*

140 3384 207 3445 deoe
221 3392 251 3445 et
261 3381 394 3467 perinde
409 3382 601 3445 vestimentis
615 3401 715 3466 nsque
727 3381 771 3443 ud
785 3390 904 3444 terrum
918 3380 1126 3465 defluentibus
1143 3382 1240 3468 pedes

138 3485 208 3569 ejus
228 3483 427 3569 obtegantur.
473 3482 545 3544 Imo
566 3480 608 3544 de
620 3480 689 3545 deae
702 3502 845 3568 persona,
861 3503 923 3543 non
939 3479 979 3544 de
994 3493 1097 3545 statua
1110 3479 1216 3568 agn'tur
1227 3506 1239 3562 ς

138 3585 280 3669 adeoque
301 3581 512 3669 signifieatur:
536 3583 604 3647 sios
626 3583 771 3659 συιδειίσε,
793 3585 862 3647 sive
881 3582 997 3646 sedeat.
1043 3581 1239 3647 Abresohius

138 3688 288 3766 κατηρεφῆ
309 3682 424 3748 τιθέναι
447 3685 525 3748 πόδα
548 3684 588 3748 de
612 3683 747 3749 sessione
772 3682 803 3747 in
830 3704 925 3748 curru
950 3681 1107 3770 intelligit.
1136 3685 1239 3748 SCH.

138 3784 320 3863 Scholiasta,
336 3786 524 3866 καταβάλλει
539 3789 596 3868 γδρ
609 3784 628 3866 ῆ
643 3789 738 3868 όρθοῖ.
761 3790 917 3868 καταφερῆ
933 3785 1114 3872 Burgesius.

179 3906 251 3972 295.
275 3891 335 3953 εἴτε
356 3890 531 3971 Φλεγραίαν
552 3887 664 3973 πλάκα]
681 3886 812 3952 Aristid.
833 3902 912 3952 orat.
928 3887 960 3950 in
977 3886 1154 3953 Minervam
1170 3891 1234 3954 vol.

139 4009 165 4051 1.
177 4012 208 4076 p.
222 4007 273 4053 20.
287 3991 379 4054 Cant.
392 3989 522 4071 Λέγεται
535 3992 593 4071 γὰρ
608 3991 656 4064 ὣς,
674 3989 774 4069 ἐπειδὴ
788 3992 818 4053 οἱ
831 3991 971 4071 γίγαντες
983 3988 1186 4071 παρετάξαντο
1202 3993 1237 4057 ἐν

136 4094 320 4175 τῆΦλεγρᾷ,
335 4089 522 4174 Ἐγκέλαδον
539 4094 596 4172 μὲν
614 4093 662 4157 καὶ
681 4091 749 4159 τοὺς
769 4090 951 4175 ἡγουμένους
972 4091 1068 4156 αὐτῶν
1090 4094 1199 4157 κτείνει
1217 4094 1237 4174 ἡ

138 4194 205 4258 θεός
220 4193 408 4278 (Minerva).
432 4194 601 4260 STANL.

178 4313 250 4379 302.
268 4297 442 4382 ἀναίματον]
459 4297 641 4377 Scholiasta,
655 4300 671 4361 ὁ
686 4300 759 4378 μηδὲ
774 4299 848 4378 αἷμα
861 4296 986 4380 σχήσων
1000 4294 1037 4373 ἒξ
1048 4296 1140 4375 ἡμῶν,
1153 4296 1237 4360 άλλδ

134 4398 335 4479 γενησόμενος
349 4398 427 4462 σκιά·
449 4399 625 4482 ῥοφφσομεν
639 4398 697 4481 γάρ
712 4424 769 4463 σου
788 4398 822 4462 τδ
842 4399 915 4477 αἷμα
937 4397 1032 4481 (oonf.
1049 4420 1078 4460 v.
1096 4400 1194 4481 254).
1216 4394 1235 4476 ἦ

133 4500 304 4579 ἐναίμιιτον,
320 4499 386 4564 άντδ
400 4504 453 4564 τοῦ
467 4499 562 4575 ζῶντά
575 4526 613 4565 σε
629 4500 734 4582 νεκρδν
748 4499 923 4581 ποιήσομεν.
