2984 5054
271 353 336 416 550
633 349 1011 414 ANNOTATIONES

271 516 447 597 Ἀθηναίους
460 516 528 597 περὶ
541 519 594 579 τοῦ
607 518 717 600 χορίου
730 518 804 599 τρδς
819 518 886 584 τοὺς
904 517 1133 595 Μιτυληναίους,
1150 517 1311 585 ἀκούοντος
1326 523 1381 598 nis

273 621 353 699 δίκης
368 618 554 700 Περιάνδρου
568 616 604 683 δν
620 619 669 682 καί
682 625 745 686 τοῖς
758 618 928 700 Ἀθηναίοις
941 622 1127 700 προσκρῖναι.
1165 618 1248 683 Haec
1267 617 1322 684 ille
1337 643 1378 684 ex

272 719 480 808 Apollodoro.
520 723 566 783 At
581 735 652 806 post
668 719 825 785 victoriam
844 718 957 785 Pittaci
980 741 1020 783 ne
1042 718 1227 805 sicquidem
1247 720 1378 786 finitum

271 847 337 887 esse
358 821 487 902 bellum,
510 837 617 887 contra
639 844 736 908 quam
758 823 851 887 sentit
872 820 1060 899 scholiastes,
1083 820 1170 885 testis
1192 836 1239 886 est
1260 823 1378 888 Strabo

271 924 292 990 l.
307 947 334 989 c.
359 924 514 991 Μένοντος
535 923 559 989 δ’
581 924 625 989 έτι
645 929 698 987 τοῦ
720 922 864 1004 πολέμου,
886 922 999 1009 inquit,
1023 924 1207 1003 Περίανδρος
1228 926 1378 1006 διαιτητὴς

272 1027 398 1109 αἱρεθείς
419 1026 476 1090 ὑπὸ
494 1027 607 1106 ἀμφοῖν
629 1025 721 1089 ἔλυσε
739 1027 792 1090 τὸν
811 1028 956 1106 πόλεμον.
1002 1026 1116 1112 Neque
1136 1047 1276 1112 unquam
1297 1041 1377 1094 tunc

272 1127 420 1216 temporis
447 1126 489 1191 ad
516 1126 718 1213 Mitylenaeos
746 1125 884 1192 delatum
911 1141 956 1192 est
988 1126 1128 1214 Sigeum,
1154 1141 1307 1213 quantum
1334 1152 1375 1194 ex

273 1229 439 1295 Herodoto
454 1228 605 1315 conjicere
620 1243 677 1305 est,
692 1248 726 1312 5,
742 1247 795 1314 95.
819 1228 932 1294 Refert
945 1227 1028 1293 enim
1049 1227 1110 1305 ille,
1127 1229 1269 1293 statuisse
1284 1230 1376 1293 Peri-

271 1330 405 1395 andrum
421 1347 458 1396 ut
473 1331 600 1417 utrique
614 1353 651 1394 ea
665 1329 800 1394 colerent
815 1352 887 1416 quae
903 1330 1065 1406 haberent,
1080 1345 1177 1416 atque
1197 1330 1258 1395 hoc
1279 1331 1377 1397 modo

273 1432 401 1518 Sigeum
418 1431 536 1496 factum
552 1454 617 1496 esse
634 1431 885 1497 Atheniensium.
910 1433 1089 1514 Κατήλλαξε
1103 1435 1135 1497 δὲ
1146 1430 1213 1518 dhe·
1231 1432 1376 1512 νέμεσθαι

272 1532 429 1614 ἑκατέρους
449 1533 504 1612 τὴν
526 1533 642 1616 ἔχουσι.
679 1536 801 1616 Σίγειον
819 1536 876 1614 μὲν
899 1538 952 1598 νῦν
975 1536 1050 1598 οὕτω
1075 1533 1197 1616 ἐγένετο
1219 1535 1268 1599 ὑπ’
1283 1532 1374 1616 Ἀθη-

273 1636 394 1700 ναίοισι.
432 1636 598 1699 Hactenus
626 1634 666 1698 de
695 1635 960 1723 interpretatione,
986 1659 1080 1721 quam
1106 1634 1236 1701 adducit
1264 1635 1376 1701 scholi-

272 1749 370 1799 astes:
395 1735 531 1822 poterint
545 1759 631 1813 vero,
647 1736 671 1799 si
691 1736 741 1801 cui
764 1736 831 1800 haec
853 1759 914 1800 non
937 1735 1067 1801 fecerint
1089 1736 1175 1813 satis,
1192 1737 1288 1802 verba
1307 1737 1375 1802 Mi-

273 1859 378 1901 nervae
402 1837 487 1901 nude
508 1852 540 1902 et
559 1838 732 1903 secundum
754 1838 875 1904 literam
897 1838 1038 1926 intelligi,
1052 1839 1093 1903 de
1108 1839 1241 1918 Graecis,
1255 1840 1310 1926 qui
1334 1863 1375 1905 ex

273 1939 415 2025 Trojaua
429 1937 627 2026 expeditione
642 1940 799 2005 redierint.
824 1942 995 2007 STANL.
1023 1942 1077 2021 τὴν
1091 1941 1377 2023 καταφθατουμένην

272 2039 355 2119 libri,
369 2041 456 2126 quod
472 2040 635 2105 scholiasta
649 2066 705 2128 per
720 2042 959 2124 καταφθάσασαν
973 2042 1119 2130 explicat.
1144 2043 1284 2107 Verbum
1299 2040 1376 2107 sim·

273 2146 346 2231 plex
361 2145 523 2210 annotavit
537 2145 717 2231 Hesychius
732 2146 891 2233 φθατήσηε
915 2145 1028 2234 φθάσῃ.

314 2266 389 2326 401.
406 2246 459 2332 εἰς]
477 2246 682 2312 Scribendum
699 2249 739 2315 ές.

314 2368 388 2434 403.
412 2351 536 2432 ἄτρυτον
558 2351 649 2434 πόδα]
678 2351 740 2415 His
765 2349 867 2415 verbis
890 2348 967 2414 nihil
991 2349 1075 2415 aliud
1099 2349 1291 2437 significatur
1316 2351 1377 2418 uisi

272 2473 340 2516 eam
366 2474 459 2516 cursu
480 2451 643 2530 indefesso,
662 2451 693 2515 id
715 2464 762 2516 est
777 2452 863 2517 nulla
875 2450 1057 2539 interposita
1071 2453 1187 2539 quiete,
1203 2451 1376 2531 advenisse,

273 2573 471 2640 nequaquam
495 2577 569 2618 vero
589 2552 722 2640 pedibus
745 2553 804 2617 iter
828 2552 1006 2632 confecisse,
1025 2553 1111 2639 quod
1133 2553 1174 2618 de
1194 2561 1266 2619 aera
1289 2555 1376 2640 traji-

273 2653 373 2719 ciente
398 2654 561 2741 imaginan'
587 2656 678 2742 plane
701 2673 779 2720 esset
803 2654 980 2721 ridiculum.
1026 2655 1088 2718 Illa
1114 2678 1188 2720 vero
1209 2657 1376 2737 ῥοιβδοῦσα

274 2757 387 2820 κόλπον
409 2757 523 2838 αἰγίδος
544 2755 603 2821 hoc
622 2771 744 2821 tantum
766 2757 960 2842 exprimunt,
974 2754 1065 2821 deam
1088 2770 1268 2820 tantarum
1292 2756 1376 2822 velo

273 2854 365 2919 citate
384 2863 459 2919 aera
474 2870 610 2920 tranasse
630 2871 667 2920 ut
686 2880 725 2921 ex
746 2857 814 2943 ipso
835 2871 940 2921 motus
960 2855 1141 2921 incitationis
1163 2856 1282 2942 impetu
1305 2858 1377 2922 stri·

273 2955 361 3018 deret
383 2956 492 3042 aegidis
513 2956 607 3036 sinus,
623 2958 708 3044 quod
730 2981 821 3044 aeque
840 2958 977 3022 evenisse
997 2958 1099 3044 potnit
1114 2959 1178 3023 sive
1195 2980 1290 3022 curru
1310 2957 1377 3024 sive

273 3054 409 3142 pedibus
431 3057 541 3122 fuisset
565 3082 641 3138 usa3
665 3082 737 3124 nam
762 3059 820 3123 alis
844 3082 912 3123 eam
940 3083 1001 3125 non
1025 3059 1121 3124 fuisse
1147 3081 1236 3122 usam
1259 3059 1376 3124 diserte

273 3172 474 3225 memoratur.
513 3160 666 3226 Absurde
688 3160 861 3226 scholiastae
882 3162 988 3248 opinio
1007 3177 1065 3240 est,
1082 3161 1173 3226 deam
1193 3161 1294 3248 aegide
1317 3184 1376 3248 pro

273 3258 344 3322 velo
373 3283 461 3326 usam
492 3262 719 3348 navigationem
748 3263 982 3348 quodammodo
1007 3286 1064 3350 per
1091 3273 1165 3328 aera
1194 3262 1374 3328 instituisse.

274 3361 458 3426 HEATH.
501 3363 681 3429 scholiastae
696 3365 874 3451 opinionem
889 3383 1015 3431 secutus
1030 3365 1249 3432 Wakefieldus
1262 3367 1377 3433 adluis

272 3461 304 3525 in
321 3465 429 3532 κώλοις
444 3465 630 3531 mutandum
646 3488 712 3530 esse
727 3465 870 3551 conjecit.

314 3584 388 3647 404
404 3566 581 3652 ῥοιβδοῦσα]
595 3569 738 3649 ροιδοῦσα
753 3568 863 3634 Guelf.
878 3569 955 3634 Ald.

316 3670 391 3746 406.
409 3668 513 3747 καινὴν
528 3670 695 3733 Canterus.
720 3669 769 3735 καὶ
783 3675 838 3736 νῦν
851 3669 932 3734 libri.

315 3766 408 3854 τήνδ’]
423 3768 504 3849 τῆσδ’
520 3772 593 3834 Par.

313 3888 388 3954 409.
414 3870 551 3954 ἐφημένῳ
574 3870 661 3955 ξένῳ]
689 3872 804 3938 Nescio
831 3895 871 3937 an
895 3872 969 3936 satis
993 3873 1159 3959 perspicuo
1182 3890 1214 3939 et
1239 3872 1376 3939 evidenti

271 3984 459 4056 argumento
480 3970 553 4036 hinc
574 3971 744 4051 evincatur,
771 3972 948 4038 Palladium
974 3973 1168 4040 Atheniense
1194 3976 1289 4042 fuisse
1314 3989 1376 4040 sta-

271 4087 358 4136 tuam
384 4072 554 4149 sedentem,
578 4094 639 4135 non
668 4085 793 4137 rectam.
840 4075 892 4138 Eo
921 4089 1023 4139 tamen
1054 4074 1155 4139 utitur
1183 4077 1296 4142 Strabo
1321 4096 1374 4161 13.

271 4196 303 4260 p.
319 4176 393 4238 601.
409 4190 518 4238 contra
530 4172 669 4250 Ilienses,
684 4173 841 4239 affirmans
857 4174 995 4240 Palladis
1017 4192 1151 4241 statuam
1174 4177 1216 4242 ab
1232 4177 1276 4241 eis
1298 4190 1376 4244 tunc

270 4274 419 4360 temporis
439 4274 567 4350 cultam,
588 4296 661 4359 quae
689 4287 774 4339 recta
802 4274 876 4354 fuit,
903 4277 1032 4342 eandem
1055 4301 1121 4342 esso
1148 4301 1209 4344 non
1237 4279 1377 4366 potuisse

269 4398 342 4441 cum
357 4374 460 4463 prisca
477 4374 657 4455 Homerica,
671 4374 712 4441 de
726 4399 791 4463 qua
805 4376 848 4442 sic
864 4379 1025 4444 Homerus
1043 4379 1082 4446 ll.
1100 4386 1137 4460 Z,
1153 4399 1205 4465 92.

400 4481 497 4541 θεῖναι
509 4473 669 4554 Ἀθηναίης
684 4475 733 4541 ἐπὶ
747 4479 947 4559 γούνασιν-
