2984 5054
545 342 613 404 AD
637 342 904 407 SUPPLlCES.

219 525 295 595 730.
310 507 383 596 βοῇ]
400 505 581 585 Scholiasta,
597 510 657 588 βοῇ
673 514 727 572 νῦν
741 513 776 588 τῇ
790 510 925 592 βοηθείᾳ.

219 625 235 692 7
238 628 290 694 32.
307 606 427 693 θάρσει]
446 613 585 690 θαρσεῖτε
601 610 650 673 Μ.
668 610 778 673 Guelf.
794 608 872 673 Ald.
888 608 973 674 Rob.

219 712 616 795 734-738=741-745·

217 813 614 897 748-752=755-759·

216 931 291 997 732.
308 915 514 977 Personarum
532 929 621 977 notas
636 912 790 998 usquead
806 912 899 976 finem
915 911 1032 976 fabulae
1045 934 1107 976 om.
1124 913 1200 978 Ald.

216 1016 290 1100 738.
314 1015 510 1102 παροίχομαι]
533 1018 713 1099 παρείχομαι
736 1012 843 1077 Guelf.
867 1013 945 1078 Ald.
967 1017 1142 1098 παροίχεται
1168 1017 1271 1081 Turn.

173 1118 281 1205 Steph.
298 1133 416 1204 puncto
431 1133 502 1206 post
518 1120 674 1197 ἐτητύμως,
689 1133 842 1181 commate
857 1131 928 1204 post
943 1120 973 1182 εί
984 1120 1015 1181 τί
1026 1145 1076 1197 μοι
1091 1119 1201 1206 posito.

215 1238 288 1301 740.
305 1219 376 1304 ἐγὼ]
393 1221 471 1301 ἐγὼν
487 1220 536 1283 Μ.
553 1217 661 1284 Guelf.
676 1218 754 1282 Ald.
770 1217 854 1282 Rob.
878 1219 918 1282 V.
933 1218 974 1282 ad
990 1222 1079 1284 Pers.
1095 1240 1170 1305 931.

216 1338 288 1402 744.
312 1322 459 1407 ἐπιτυχεῖ]
477 1322 525 1385 ἐπὶ
539 1322 623 1404 τύχει
636 1317 714 1383 ΑΜ.
738 1320 787 1383 ἐπὶ
801 1321 875 1404 τύχη
890 1321 998 1385 Guelf.
1023 1323 1071 1386 ἐπὶ
1085 1321 1170 1405 τάχει
1186 1323 1270 1388 Rob.

171 1423 236 1486 ἐπεὶ
250 1423 336 1506 τάχει
351 1424 402 1488 Μ.

214 1542 286 1608 745.
300 1525 401 1611 πόλει]
417 1524 528 1589 Lectio
543 1523 662 1589 vitiosa.
678 1530 770 1588 πολεῖ
784 1523 815 1604 (i.
828 1547 854 1588 e.
870 1529 988 1610 πολλῷ)
1008 1524 1172 1604 Stanleius,
1188 1542 1271 1592 recte

168 1627 310 1705 fortasse,
325 1626 396 1691 licet
410 1626 506 1690 dativi
522 1624 618 1710 hujus
638 1647 714 1688 usus
736 1646 797 1688 non
820 1625 893 1689 satis
915 1625 1102 1690 defendatur
1124 1650 1161 1692 eo
1183 1629 1270 1713 quod

168 1727 342 1815 AEscbylus
356 1729 454 1793 πολέο
468 1727 549 1793 dixit
564 1731 681 1814 Agam.
698 1743 770 1812 723.
785 1725 904 1790 πολέιιν
919 1726 1032 1812 Eurip.
1051 1729 1125 1793 Hel.
1141 1750 1153 1792 1
1158 1749 1177 1813 3
1179 1748 1232 1813 52.

210 1832 398 1917 μελαγχίμῳ]
420 1833 612 1914 μελαγχείμρ
634 1829 756 1894 codices
769 1843 802 1893 et
818 1829 900 1893 Rob.
916 1829 972 1914 qui
987 1831 1162 1917 typothetae
1176 1831 1270 1920 culpa

168 1937 353 2020 μελαχείμφ.

211 2034 278 2117 ξὺν]
296 2035 353 2098 σὺν
368 2033 447 2098 libri.

212 2137 284 2216 746.
319 2135 502 2221 μεσημβρίᾳ]
535 2136 722 2216 μεσημβρίας
753 2133 946 2197 Schuetzius.
994 2134 1193 2199 Probabilius
1221 2153 1267 2202 est

167 2241 372 2321 μεσημβρινῷ,
388 2236 473 2321 quod
489 2236 521 2298 in
536 2235 672 2299 editione
685 2235 786 2320 prima
800 2234 906 2320 posuit
922 2233 1066 2298 Bothius.

211 2352 283 2418 747.
300 2336 419 2420 θάλπει]
435 2335 558 2417 θάρπτει
572 2335 650 2399 Ald.
674 2335 802 2399 θάλπτοι
817 2334 899 2399 Rob.

207 2436 360 2521 βραχίον’]
375 2442 523 2520 βραχεῖαν
537 2436 659 2500 codices
673 2451 705 2499 et
722 2436 797 2499 Ald.
814 2436 898 2499 Rob.

209 2542 242 2604 εὖ
265 2538 537 2623 κατερρινημένους]
561 2537 594 2602 si
610 2538 738 2601 verbum
762 2560 782 2600 a
802 2538 868 2619 ῥινὴ
881 2538 958 2601 limo
972 2539 1102 2604 ductum
1118 2553 1174 2613 est,
1189 2547 1265 2623 βρο-

164 2644 253 2726 χίονο
271 2644 304 2706 εὖ
323 2638 560 2722 κατερρινημένοι
582 2654 656 2704 sunt
678 2639 829 2715 homines,
847 2639 902 2726 qui
923 2640 1044 2704 artibus
1064 2641 1266 2728 gymnasticis

164 2744 249 2808 lucta
275 2743 470 2831 potissimum
497 2757 529 2807 et
556 2741 698 2828 pugilatu
722 2741 848 2805 brachia
875 2741 1079 2807 reddiderunt
1107 2743 1210 2829 agilia,
1239 2767 1262 2808 s.

163 2868 296 2931 quorum
325 2846 455 2909 lacertos
484 2845 669 2908 exercitatio
697 2847 863 2931 eaprcsrit,
889 2867 912 2907 s.
937 2847 1135 2924 constrinxit,
1161 2859 1196 2909 ut
1221 2847 1264 2911 ait

164 2946 295 3023 Quintil.
311 2947 390 3009 Inst.
403 2947 459 3008 Or.
473 2946 503 3022 8,
519 2965 550 3029 3.
566 2963 616 3022 12,
634 2967 681 3010 ιο.
697 2946 776 3010 sicut
791 2944 997 3011 instrumenta
1010 2948 1090 3013 bene
1104 2947 1210 3013 limata
1227 2972 1265 3012 eo

162 3046 230 3132 ipso
245 3049 326 3111 liunt
340 3046 490 3110 habiliora
505 3059 536 3110 et
550 3047 591 3111 ad
606 3071 697 3113 usum
712 3049 845 3135 aptiora.
865 3049 965 3113 SCH.

206 3150 278 3231 748.
293 3147 451 3232 πρόλειπε]
467 3150 596 3229 πρόλιπε
610 3151 662 3214 Μ.

206 3264 280 3333 750.
296 3252 479 3330 sarraponte
495 3248 659 3313 Stanleius.
684 3253 885 3333 δονλόφρονες
899 3252 980 3316 libri.

204 3349 403 3429 δολιομήτιδες
418 3372 527 3435 margo
541 3349 689 3414 Aslrewii.
718 3353 908 3431 δολομήτιδες
922 3353 1002 3416 libri.

205 3468 279 3535 751.
294 3468 367 3535 752.
383 3464 413 3514 et
428 3451 642 3538 antistrophici
659 3452 733 3537 758.
750 3470 823 3537 759.
838 3453 1061 3538 conjungendi.

204 3569 278 3636 751.
295 3553 405 3633 φρεσὶν
420 3550 502 3615 Rob.
528 3554 659 3633 φρεσσὶν
672 3553 794 3617 codices
808 3566 839 3617 et
854 3551 931 3617 ΑΜ.
948 3556 1052 3618 Turn.
1069 3553 1180 3641 Steph.

203 3672 277 3738 753.
294 3653 402 3738 καλῶς]
418 3660 535 3736 καγλῶς
550 3654 627 3717 ΑΜ.

202 3754 229 3837 γ’
256 3755 377 3820 addidit
404 3759 563 3820 Porsonus
588 3771 717 3843 propter
742 3756 925 3842 scripturam
951 3757 1102 3822 Aldinam
1132 3761 1259 3836 κογλῶς,

157 3879 251 3942 quem
279 3857 452 3945 typothetre
477 3880 609 3921 errorem
634 3881 699 3921 ease
720 3880 760 3921 ex
784 3881 821 3923 eo
843 3857 946 3944 colligi
974 3874 1088 3945 potest,
1114 3854 1200 3941 quod
1228 3853 1259 3916 in

158 3956 266 4023 Guelf.
292 3964 389 4023 καλῶς
404 3957 553 4043 scriptum
570 3972 626 4020 est.

198 4060 281 4142 ἡμῖν]
299 4061 369 4139 ὑμῖν
385 4057 461 4121 Ald.
479 4058 582 4122 Tum.

201 4175 274 4242 759.
291 4160 378 4223 οὐδὲν
393 4157 560 4242 ἐπαΐοντες]
580 4160 662 4222 Haec
678 4160 772 4223 verba
786 4174 981 4224 accesserunt
996 4182 1037 4224 ex
1055 4160 1108 4222 Μ.
1127 4159 1203 4221 Ρατ.

200 4267 275 4346 760.
291 4265 458 4350 κρείσσους]
474 4262 622 4347 κρείσσίίίν
640 4267 689 4331 Μ.
713 4270 888 4349 κρείσσονας
905 4267 982 4331 Ald.
998 4267 1086 4331 Rob.

201 4368 273 4449 761.
294 4368 586 4454 βύβλου-στάχυν]
602 4369 774 4456 AEgyptios
793 4392 915 4455 papyro
929 4368 991 4432 cibi
1006 4368 1079 4430 loco
1094 4363 1177 4428 vesci
1192 4361 1262 4426 soli-

156 4483 204 4557 tos
218 4481 351 4533 testatur
366 4467 565 4539 Dioscorides
578 4469 633 4534 lib.
648 4490 677 4533 1.
692 4491 762 4556 cap.
777 4471 847 4534 116.
867 4468 907 4532 de
922 4490 1065 4556 papyro:
1090 4463 1182 4546 Ἔχει
1201 4465 1266 4543 biri
