2984 5054
254 343 318 406 480
617 342 994 405 ANNOTATIONES

294 510 367 591 657.
384 508 456 571 Non
472 507 594 586 οἰκέτης,
611 507 666 570 sed
683 513 763 583 παῖς,
780 505 866 593 apud
890 507 1107 571 Robortellum
1131 506 1311 572 nominatur
1325 507 1351 570 is

249 608 305 694 qui
321 608 405 671 hunc
421 630 543 671 versum
558 607 751 693 pronuntiat.
780 608 853 671 Non
870 606 1004 671 multum
1020 608 1157 672 interest.
1174 608 1348 672 BLOMF.

293 709 365 783 εἶεν,
381 708 492 795 άκούω]
509 710 693 774 Notandum
707 710 768 775 εἶεν
783 733 840 795 pro
852 709 991 796 spondeo
1004 710 1139 795 positum
1156 710 1187 773 in
1203 709 1350 790 formula,

250 828 286 876 ut
306 810 442 888 videtur,
472 810 588 875 solenni
614 811 675 876 εἶεν
704 813 809 876 ἀκούω.
855 810 976 875 Eodem
1000 811 1095 875 modo
1121 811 1350 898 Aristophanes

250 914 324 978 Pac.
351 915 426 998 663.
453 913 524 990 εἶεν,
556 914 661 978 ἀκούω·
688 912 767 977 ταῦτ’
797 916 967 986 ἐπικαλεΐς;
998 914 1150 993 μανθάνω.
1197 914 1248 978 Sic
1278 913 1348 979 libri

249 1015 358 1103 optimi
374 1029 405 1078 et
420 1013 591 1079 scholiasta.
632 1014 736 1100 Vulgo
752 1015 812 1079 εἶέν
827 1014 865 1096 γ’,
882 1018 986 1079 ἀκούω.

293 1115 438 1200 ποδαπὸς]
453 1114 586 1183 ποδαπὸς
600 1118 616 1179 ό
632 1115 738 1194 ξένος;
761 1118 874 1190 πόθεν;
898 1116 1013 1204 Eurip.
1031 1116 1083 1180 El.
1101 1134 1172 1200 774.
1189 1115 1348 1201 χαίρετ’,ὦ

249 1217 343 1297 ξένοι,
359 1219 447 1295 τίνες,
464 1222 565 1283 Πόθεν
580 1221 797 1300 πορεύεσθ’-ς
823 1219 877 1282 ubi
892 1219 955 1284 vid.
975 1219 1105 1283 Seidler.
1128 1222 1303 1285 BLOMF.

213 1338 217 1347 ·
293 1322 367 1384 660.
391 1319 513 1403 τάχυνε]
532 1321 677 1384 Festina.
701 1322 787 1385 Pers.
804 1321 877 1406 698.
901 1320 1010 1404 τάχυνε
1033 1320 1067 1400 δ’,
1092 1324 1131 1389 ὣς
1152 1320 1347 1403 άμεμπτοςῶ

249 1423 369 1505 χρόνον.
402 1419 549 1507 Sophocl.
572 1420 650 1484 OEd.
675 1423 712 1486 C.
730 1440 801 1505 219.
823 1425 922 1505 μακρὰ
942 1422 1101 1503 μέλλετον,
1124 1426 1207 1488 ἀλλὰ
1228 1424 1347 1506 τάχυνε.

250 1524 305 1588 ubi
320 1523 382 1588 vid.
397 1522 590 1587 Elmsleium.
615 1524 790 1589 BLOMF.

293 1630 368 1691 661.
385 1627 461 1711 ὥρα]
479 1627 552 1708 ὧραι
567 1625 616 1689 Μ.
633 1624 743 1689 Guelf.
760 1624 838 1689 Ald.
856 1627 938 1691 Rob.

292 1728 452 1815 ἐμπόρους]
478 1730 565 1792 Bene
588 1727 708 1792 notarit
732 1727 899 1806 Staoleius,
929 1729 1107 1792 Homerum
1133 1728 1214 1792 hanc
1241 1752 1346 1795 rocem

250 1853 310 1894 non
333 1853 392 1917 pro
407 1842 588 1908 mercatore,
604 1841 640 1892 ut
655 1829 769 1916 posteri
785 1829 900 1906 Graeci,
916 1827 970 1892 sed
988 1850 1048 1915 pro
1062 1843 1185 1893 vectore
1200 1829 1346 1918 simplici·

249 1948 296 1997 ter
311 1954 437 2018 ponere,
452 1955 518 2018 quo
531 1954 622 1995 sensu
638 1931 678 1995 ab
694 1930 848 2018 AEschylo
863 1944 1044 2017 usurpatur.
1068 1932 1243 1997 BLOMF.

291 2034 425 2114 μεθιέναι
439 2032 584 2115 (καθιέναι
595 2032 813 2119 Musgravius)
830 2031 973 2116 ἄγκυραν]
990 2031 1173 2111 Scholiasta,
1189 2035 1244 2114 τὴν
1258 2036 1347 2117 άγκυ-

247 2161 305 2217 ραν
319 2137 518 2217 προσαρμόσαι
532 2134 599 2202 τοὺς
613 2136 785 2215 ὁδοιπόρους
800 2134 866 2198 ἀντὶ
879 2139 932 2197 τοῦ
948 2141 1122 2200 καταλῦσαι.

293 2239 368 2322 663.
391 2236 590 2322 τελεσφόρος]
615 2237 795 2321 Perficiena.
826 2237 937 2299 Mater
952 2237 1108 2321 βοηθέεις
1129 2238 1222 2303 vertit
1245 2239 1349 2303 Abre-

249 2338 363 2418 schius,
378 2336 505 2402 laudato
527 2336 698 2423 Hesychio,
717 2340 914 2420 Τελεσφόρος
939 2338 1036 2406 oleos:
1067 2344 1120 2403 τού
1145 2341 1347 2421 γεγαμηκότος

249 2442 297 2506 καὶ
318 2443 531 2507 τεκνώσαντος.
570 2440 689 2503 Contra
711 2441 799 2518 δόμος
819 2439 958 2519 ἡμιτελής
980 2455 1057 2518 crat,
1073 2463 1171 2526 quum
1188 2440 1236 2505 vel
1257 2458 1347 2529 pater

249 2542 297 2608 vel
320 2559 419 2608 mater
439 2542 572 2606 familias
592 2541 674 2605 diem
696 2540 838 2606 obiisset:
864 2542 997 2605 Homer.
1021 2540 1061 2606 Il.
1081 2547 1113 2606 B.
1134 2559 1208 2626 700.
1228 2549 1290 2607 Τοῦ
1313 2547 1346 2608 δὲ

249 2647 297 2711 καὶ
318 2645 508 2728 ἀμφιδρυφὴς
529 2645 642 2725 άλοχας
664 2642 787 2721 Φυλάκη
812 2643 979 2722 ἐλέλειπτο,
1006 2645 1065 2709 Καὶ
1086 2646 1176 2725 δόμος
1197 2645 1345 2726 ἡμιτελής·

249 2747 303 2812 ubi
318 2746 464 2811 Eustath.
480 2745 567 2812 τέλος
581 2746 598 2807 ὁ
613 2743 716 2825 γάμος,
733 2745 803 2808 ὅθεν
818 2746 948 2812 τελείους
969 2746 1037 2812 τοὺς
1050 2748 1255 2828 γεγαμηκότας
1277 2748 1345 2812 έλε-

247 2874 313 2930 γον.
360 2850 443 2912 Rem
467 2845 634 2910 illustravit
658 2844 870 2909 Ruhnkenius
898 2845 939 2909 ad
965 2847 1079 2912 Timaei
1107 2848 1186 2911 Lex.
1214 2871 1245 2936 p.
1272 2868 1344 2933 225.

249 2952 358 3014 Potest
384 2961 486 3013 tamen
513 2950 698 3028 τελεσφόρος
727 2947 758 3009 in
784 2946 932 3011 hocloco
956 2947 1035 3011 nihil
1059 2947 1144 3012 aliud
1172 2949 1346 3036 significare

248 3073 343 3138 quam
358 3051 416 3114 itta
429 3071 524 3136 quom
535 3070 632 3135 penes
649 3058 695 3112 eat
705 3052 769 3135 jar
788 3049 984 3136 perficiendi.
1023 3049 1126 3115 Schol.
1141 3052 1344 3133 τελεσφόροςι

247 3153 386 3236 ἀρχηγός,
403 3150 556 3230 διοικητάς.
592 3150 768 3215 BLOMF.

291 3257 363 3334 664.
374 3251 536 3336 τόπαρχος]
547 3224 700 3334 τόπαρχος
715 3253 764 3315 Μ.
787 3253 939 3333 τόπαρχος
953 3251 1039 3315 Rob.

290 3358 315 3421 δ’
331 3358 435 3420 Τατα.
455 3354 563 3441 Steph.
587 3353 610 3414 τ’
627 3353 697 3418 libri
712 3352 834 3440 reliqui.

290 3462 331 3523 66
332 3475 364 3544 5.
381 3458 479 3542 αἰδὼς]
503 3456 613 3520 Pudor
628 3456 752 3521 vetabat
766 3476 922 3519 sermones
934 3476 1005 3517 cum
1028 3453 1109 3518 nlius
1128 3454 1229 3519 mariti
1248 3478 1346 3519 uxore

245 3584 414 3627 conserere.
437 3558 551 3645 Eurip.
568 3558 641 3645 Iph.
659 3560 700 3622 A.
719 3560 757 3642 83
761 3576 792 3643 5.
810 3555 946 3638 Αύσχρὸυ
959 3554 994 3619 δέ
1007 3582 1058 3635 μοι
1072 3555 1191 3636 γυναιξὶ
1204 3556 1345 3636 συμβάλ·

245 3673 312 3728 λειν
326 3664 444 3744 λόγους.
470 3659 645 3722 BLOMF·

289 3765 353 3848 οὐκ]
381 3764 495 3848 Inepte
516 3759 688 3835 scholiasta,
705 3757 863 3832 πλεονάζει
884 3759 902 3836 ἡ
925 3758 967 3820 ού.
1006 3759 1106 3822 Recte
1121 3772 1227 3822 monet
1242 3758 1345 3824 Abre-

246 3864 349 3928 schius
379 3862 456 3925 illud
491 3863 525 3924 ού
555 3861 595 3924 ad
633 3862 749 3938 τίθησιν
785 3859 950 3945 pertinere,
979 3882 1040 3923 non
1077 3859 1119 3923 ad
1152 3860 1343 3943 ἐπαργέμους.

247 3965 421 4028 BLOMF.

289 4067 363 4130 668.
380 4066 457 4146 ΚΛ]
474 4068 534 4144 θερ.
554 4064 589 4146 (ἱ.
604 4088 631 4127 e.
648 4061 825 4144 θεράπαινα)
843 4063 926 4126 Rob.

290 4170 364 4248 670.
380 4169 473 4247 θερμά
487 4164 612 4248 λουτρὰ]
631 4162 853 4227 Andromache
868 4164 899 4227 in
917 4163 1017 4228 Iliade
1031 4170 1070 4228 X.
1084 4183 1159 4244 442.
1174 4162 1304 4226 Κέκλετο
1319 4161 1344 4226 δ’

247 4272 465 4352 ἀμφιπόλοισιν
481 4267 677 4348 ἐύπλοκάμοις
699 4268 773 4328 κατὰ
790 4270 871 4344 δῶμα
885 4266 979 4348 Ἀμφὶ
1001 4269 1070 4348 πυρὶ
1091 4271 1201 4345 στῆσαι
1222 4269 1346 4346 τρίποδα

247 4373 353 4455 μέγαν,
378 4375 457 4452 ὄφρα
479 4369 600 4433 πέλοιτο
619 4367 740 4448 Ἕκτορι
762 4371 856 4448 θερμὰ
878 4373 987 4450 λοετρὰ
1005 4369 1101 4450 μάχης
1121 4368 1344 4446 ἐκνοστήσαντι.
