2984 5054
253 341 318 407 482
612 343 990 410 ANNOTATIONES

251 507 334 574 τοῦσδ’
351 508 523 588 δπαλλάξαι
544 511 654 574 πάνων.
690 512 768 595 536.
791 512 844 577 Είς
863 510 897 572 τὸ
917 514 977 573 κᾶν
998 509 1032 573 δέ
1055 534 1106 572 σοι
1122 509 1204 590 λέγω
1222 506 1229 588 Ι
1247 508 1352 587 βωμὸν

251 610 370 676 αίδέσαι
386 612 488 679 Δίκας.
522 613 596 695 889.
616 611 704 675 Εἶναι
726 613 843 678 δικαίως
857 613 900 678 εἰς
918 611 952 674 τὸ
973 615 1034 675 πῦυ
1048 609 1207 690 τιμωμένη.
1234 608 1350 693 Eurip.

252 712 380 778 Heraol.
409 715 486 797 576.
513 716 556 780 είς
585 714 618 777 τὸ
645 718 705 777 πῖιν
731 715 854 795 σοφούς.
900 712 952 778 Sic
977 716 1008 781 ἐς
1033 717 1069 777 τὰ
1092 712 1231 794 μέγιστα,
1256 733 1350 798 quam

250 819 400 893 πιααύυιν,
415 815 573 880 Herodot.
590 818 621 892 8,
640 837 712 897 144.
736 817 911 881 BLOMF.

293 919 341 983 άεὶ
355 917 459 1003 ξένον]
476 919 611 997 άείξενον
627 918 836 983 Schneiderus
850 919 881 982 in
897 918 1006 983 lexico.

294 1021 368 1084 686.
382 1020 525 1105 λέβητος]
545 1021 645 1084 Uroae
658 1020 698 1083 ad
713 1020 831 1085 cineres
844 1020 1022 1085 servandos.
1044 1023 1162 1105 Agam.
1172 1039 1248 1105 430.
1264 1019 1353 1098 δικ-ι]-

251 1147 336 1203 υομος
364 1127 478 1187 σποδοῦ
503 1125 630 1203 γεμίζων
651 1122 785 1203 λέβητας
806 1123 952 1196 εὐθέτους,
979 1121 1034 1187 ubi
1057 1121 1120 1187 vid.
1145 1122 1351 1187 Glossarium.

251 1223 348 1311 Soph.
372 1222 425 1288 ΕΙ.
450 1227 522 1309 756.
544 1227 606 1289 Καί
626 1249 673 1288 νιν
686 1228 764 1308 πυρᾷ
791 1225 912 1291 κέαντες
935 1225 1028 1299 εὐθὺς,
1053 1226 1087 1288 ἐν
1106 1231 1220 1308 βραχεῖ
1237 1224 1351 1307 Χαλκῷ

249 1326 394 1407 μέγιστον
426 1332 512 1407 aspa
534 1328 668 1394 δειλαίας
695 1330 809 1390 σποδοῦ
838 1326 989 1408 Φέρουσιν
1019 1327 1125 1408 ἄνδρες
1146 1326 1276 1391 Φωκέων
1305 1350 1351 1392 τε·

250 1427 402 1509 ταγμένοι,
421 1433 526 1495 Ὀπως
542 1426 679 1514 πατρῴας
693 1429 809 1508 τύμβον
824 1427 938 1514 ἐκλάχῃ
952 1429 1070 1511 χθονός.
1094 1428 1271 1492 BLOMF.

292 1530 502 1615 πλευρώματα]
518 1529 640 1594 Eadem
657 1552 736 1593 urna
751 1528 866 1594 dicitur
880 1531 1002 1609 τύπωμα
1018 1532 1249 1612 χαλκόπλευρον
1263 1529 1351 1616 apud

251 1632 398 1719 Sophocl.
424 1632 475 1697 El.
492 1648 544 1717 54.
568 1645 696 1697 notante
719 1631 867 1696 StanleiO.
891 1630 996 1696 Theb.
1013 1631 1088 1714 887.
1107 1631 1352 1714 ὁμοσπλάγχνων

250 1735 482 1817 πλευρωμάτων.
507 1735 681 1799 BLOMF.

294 1839 368 1922 691.
394 1839 479 1923 ΗΛ]
502 1843 564 1919 θερ.
586 1836 621 1921 (i.
636 1859 664 1900 e.
687 1836 866 1918 θεράπαινα)
891 1835 975 1900 Rob.
999 1851 1035 1900 ut
1053 1858 1082 1900 v.
1103 1837 1177 1901 668.
1198 1835 1350 1925 Clytem-

250 1954 364 2003 nestrae
379 1939 438 2004 hoe
453 1962 560 2004 versus
574 1937 759 2003 tribuendos
771 1960 837 2002 esse
847 1937 1005 2003 verissime
1020 1939 1142 2004 monuit
1156 1940 1283 2005 Portus.

293 2041 323 2105 ol
336 2039 402 2126 ’γὸ]
418 2041 449 2105 οἶ
462 2042 521 2122 ἐγὼ
536 2039 616 2105 libri.

294 2142 392 2208 ἐνθάδ’
416 2145 521 2207 Turn.
543 2156 576 2207 et
599 2142 707 2230 Steph.
732 2140 929 2229 interpolatio
943 2156 998 2206 est.
1030 2145 1065 2208 ἐν
1085 2142 1156 2207 τῦσ’
1173 2144 1222 2208 Μ.
1239 2144 1350 2209 Guelf.

251 2244 331 2310 Ald.
348 2246 434 2310 Rob.
450 2260 606 2330 corrupte.

294 2349 369 2434 ⁶93·
398 2347 533 2434 ἐπωπᾷς]
566 2349 696 2413 ἐπωπαῖς
720 2346 771 2411 Μ.
801 2344 911 2411 Guelf.
938 2344 1016 2410 Ald.
1054 2344 1099 2410 ἐπ’
1126 2346 1220 2414 ὦπαῖς
1246 2348 1351 2412 Turn.

251 2450 394 2537 Hesych.
408 2449 553 2534 Ἐπωπᾷι
579 2451 688 2534 ἐφορᾷ,
703 2449 868 2516 ἐποπτεύει.
906 2449 1003 2511 Eum.
1021 2464 1057 2530 27
1060 2468 1092 2532 5.
1108 2449 1303 2536 δελτογράφῳ
1319 2454 1352 2515 δέ

251 2550 335 2616 πάντ’
352 2555 456 2637 ἐπωπᾷ
471 2553 569 2636 φρενί.
595 2555 669 2637 969.
684 2554 730 2616 ὅτι
742 2576 794 2632 μοι
808 2555 956 2632 γλῶσσαν
971 2549 1019 2614 καὶ
1030 2548 1114 2630 στόμ’
1130 2552 1243 2635 ἐπωπᾷ.
1267 2554 1351 2616 Con-

252 2654 381 2719 structio
402 2668 450 2718 est
472 2657 593 2738 ἐπωπᾷς
614 2657 717 2719 πολλὰ
739 2654 788 2719 καὶ
808 2653 941 2717 ἐκποδδν
964 2655 997 2718 εῦ
1022 2655 1151 2733 κείμενα
1173 2677 1249 2734 non,
1264 2656 1351 2741 quod

252 2755 401 2820 Pauwius
419 2755 529 2835 voluit,
552 2757 673 2840 ἐπωπᾷς
693 2758 805 2829 πολλὰ,
826 2755 1092 2837 καὶ-ἀποψιλοῖς.
1136 2755 1263 2822 Dioitur
1275 2756 1352 2841 Ἀρὰ

250 2856 414 2922 oollineare
436 2856 564 2943 sagittas
578 2855 627 2920 vel
649 2856 681 2920 in
696 2879 741 2934 ea,
757 2879 830 2942 quae
853 2878 989 2919 seorsum
1014 2856 1045 2922 in
1065 2872 1137 2923 tuto
1150 2859 1252 2946 posita
1266 2859 1352 2924 vide·

251 2971 354 3023 antur.
377 2958 552 3024 BLOMF.

295 3063 368 3147 696.
384 3062 520 3140 εῦβόλως
535 3061 703 3124 Porsonus.
727 3061 880 3141 εὐβούλως
894 3059 973 3124 libri.

296 3163 429 3243 εῦβόλως
451 3163 543 3248 ἔχων]
558 3165 714 3251 Prospero
724 3165 823 3250 jactu
841 3184 929 3228 osus.
965 3161 1081 3227 Pollux
1096 3184 1127 3249 9,
1143 3184 1187 3250 94
1201 3168 1236 3232 ἐν
1249 3168 1353 3249 μέντοι

251 3291 288 3348 γε
302 3271 364 3332 τοῖς
379 3266 482 3343 κύβοις
495 3265 529 3328 τδ
546 3268 716 3345 δυσκυβεῖν,
733 3267 781 3329 καὶ
799 3265 946 3343 εῦκυβεῖν,
962 3263 1144 3343 ὀνομάζεται·
1168 3269 1220 3331 καί
1230 3293 1289 3332 που
1304 3270 1352 3333 καὶ

251 3365 285 3432 τὸ
300 3368 465 3446 δύσβολον,
483 3366 579 3431 καὶτὸ
595 3368 727 3447 εύβολον
742 3366 829 3431 εἶναι.
847 3364 997 3429 Atistoen.
1015 3384 1044 3442 1,
1058 3384 1108 3450 23.
1125 3368 1177 3446 ἐμὲ
1192 3372 1250 3451 γὰρ
1265 3395 1351 3434 κατα-

251 3468 395 3535 νάλωσαν
409 3469 565 3548 άπληστος
580 3471 694 3551 ἐταίοα,
710 3469 759 3533 καέ
776 3468 887 3533 πεσσοὶ
905 3467 1063 3535 πίπτοντες
1076 3469 1191 3552 ἀτυχῶς
1203 3473 1261 3550 μέν
1274 3474 1350 3553 ἐμοὶ,

252 3571 459 3652 εὔβολοίτερον
473 3573 506 3635 δέ
520 3577 583 3639 τοῖς
597 3572 752 3638 ἐναντίοις.
798 3571 851 3634 Ita
866 3567 1035 3633 Salmasius
1048 3592 1108 3657 pro
1122 3572 1350 3657 εὐβουλότερον,

251 3672 404 3760 probante
426 3670 667 3737 Hemsterhusio
688 3671 729 3735 ad
752 3670 890 3735 Pollucis
912 3671 1025 3748 locum,
1047 3670 1131 3736 unde
1149 3674 1353 3743 confirmatur

250 3774 282 3840 in
298 3774 357 3839 hoo
373 3796 463 3837 versu
481 3771 613 3838 Personi
626 3771 786 3835 eorrectio.
832 3773 986 3859 Ejusdem
1004 3773 1194 3840 confusionis
1208 3779 1352 3865 exempla

251 3874 338 3939 dedit
354 3873 566 3939 Boissonadus
580 3872 621 3936 ad
635 3872 784 3937 Aristaeo.
800 3896 831 3960 p.
847 3894 922 3960 539.
947 3876 1122 3942 BLOMF.

294 3979 368 4060 697.
384 3976 496 4058 πηλοῦ]
514 3973 618 4039 Schol.
634 3976 786 4054 παροιμία,
803 3976 859 4053 ἐξω
874 3980 971 4055 πηλοῦ
984 3980 1061 4043 πάδα
1078 3979 1172 4064 ἔχειν.
1219 3984 1270 4047 De
1292 3983 1352 4049 boo

251 4073 416 4163 proverbio
430 4074 494 4137 dixi
510 4075 549 4138 ad
567 4076 672 4139 Proin.
691 4093 761 4156 271.
786 4077 962 4141 BLOMF.

295 4176 368 4260 698.
392 4179 445 4240 νῦν
459 4173 499 4258 δ’]
526 4176 598 4239 Ηοο
617 4174 661 4239 οἱα
675 4174 830 4263 explicant
844 4178 1028 4266 interpretes
1051 4199 1086 4247 ut
1102 4189 1155 4249 νῦν
1170 4187 1204 4250 δέ
1218 4204 1288 4275 post
1305 4192 1353 4254 καὶ

252 4283 305 4345 νῦν
335 4275 500 4363 repetitum
527 4299 593 4340 esse
622 4276 728 4343 ditant
756 4297 884 4369 propter
912 4282 1124 4371 interpositam
1152 4290 1352 4374 parenthesin

251 4380 419 4459 ᾷν-πύδα.
444 4381 504 4462 νιᾷν
519 4376 543 4440 δ’
561 4377 707 4464 Scaliger.

294 4481 454 4565 βακχείας]
470 4481 601 4562 βακχίας
618 4481 666 4546 Μ.
683 4481 791 4546 Guelf.
