2984 5054
245 344 311 414 ⁴94
604 342 985 411 ANNOTATIONES

245 536 299 578 ves
313 511 510 599 repetitiones
525 513 752 600 έργιιν-έργρ,
766 527 799 578 et
812 509 1088 596 πατριδι-πατρός.
1124 509 1249 588 Quibus
1263 510 1345 597 ejec-

244 613 285 679 tis
304 613 393 700 lego;
418 613 457 678 σὺ
472 616 504 680 δὲ
524 619 646 697 θορσῶν
662 616 737 680 ὅταν
749 616 805 696 ἥκῃ
823 614 829 702 Ι
847 614 936 697 μέρος
957 615 1064 697 ἔργον,
1081 611 1214 680 ἐπαΰσας
1234 615 1346 693 πατρὸς

245 715 340 781 αθδδν
358 714 364 802 Ι
382 717 513 801 θροούσᾳ
534 715 659 781 τέκνονέ
680 715 686 803 Ι
704 714 778 798 πρός
794 741 841 790 σε,
857 715 971 798 πέραιν’
988 716 1158 797 έπέμομφον
1173 716 1257 779 ἄταν.
1280 713 1302 778 i.
1317 738 1345 778 e.

248 819 302 882 lis
320 839 395 882 vcro
408 820 566 882 constanti
586 820 702 896 animo,
716 819 842 906 φιοιιιὶο
864 821 1007 883 venerint
1023 827 1135 904 partes
1156 827 1231 892 tuce,
1246 817 1347 880 accla-

244 940 336 983 νιοπι
346 921 453 1006 patris
468 939 570 984 vocem
588 923 711 1004 (matri)
726 921 771 984 ad
792 931 832 999 te,
847 943 866 985 o
875 922 955 1005 fili!
976 921 1135 1000 clamanti,
1151 922 1264 1005 cotyles
1283 941 1346 982 ece·

245 1020 377 1086 leratam
396 1029 532 1109 ,pestem
579 1023 618 1085 In
648 1023 772 1105 πέραινε
800 1021 917 1086 librarii
945 1021 1170 1108 apostrophum
1200 1020 1346 1084 habuisse

246 1121 393 1188 videntur
415 1146 473 1210 pro
488 1121 607 1210 syllaba
621 1149 672 1189 ον.
710 1123 803 1188 conf.
819 1125 904 1189 Bast.
920 1123 960 1188 ad
978 1125 1111 1210 Gregor.
1128 1124 1201 1187 Cor.
1223 1146 1256 1209 p.
1272 1127 1345 1206 778.

246 1226 330 1311 seq.''
375 1226 457 1291 Haec
477 1223 539 1290 ille.
566 1225 680 1308 πέραιν’
697 1230 851 1291 Auratus.
884 1229 966 1304 Quae
987 1225 1072 1301 dedi,
1087 1248 1159 1290 cum
1181 1225 1346 1313 strophicis

246 1326 364 1413 optime
377 1341 568 1414 eongruunt.
591 1331 648 1393 ἄτα
659 1327 908 1416 Clytaemnestroe
917 1342 1001 1393 certe
1015 1351 1078 1393 non
1090 1330 1256 1411 έπίμορφος
1266 1343 1345 1406 emt,

246 1427 342 1494 choro
356 1428 457 1493 saltim
468 1428 595 1516 judi0e;
619 1453 691 1495 nam
708 1430 838 1496 Seidleri
851 1430 1136 1518 interpretationem
1152 1430 1240 1495 nullo
1251 1431 1346 1495 modo

245 1529 493 1618 amplectendam
516 1555 635 1612 censeo,
657 1536 772 1620 omfioe
791 1533 973 1598 sceleratam
989 1542 1119 1619 pestem.
1164 1530 1280 1596 Melior
1298 1543 1346 1596 est

248 1632 389 1698 Sehutzii
411 1633 521 1708 versio,
536 1637 641 1720 finem
660 1639 784 1724 ιἰιιροιιι
807 1635 981 1700 calamitati
1006 1635 1080 1698 lule
1104 1634 1344 1707 αθσσιέαααθας

246 1734 302 1803 ted
316 1736 392 1800 θτον
405 1735 591 1800 omninode
610 1735 963 1822 eoedeClytoemnestrae
984 1757 1056 1800 cum
1079 1735 1212 1800 Butlero
1232 1734 1345 1821 aecipi-

246 1837 374 1903 endum.
419 1837 514 1917 Quod
529 1838 554 1902 si
568 1839 724 1927 particula
738 1836 910 1925 negationis
925 1852 1007 1902 reete
1021 1837 1127 1902 abesse
1148 1853 1261 1924 potest,
1277 1852 1345 1901 tum

247 1937 374 2026 legerim
391 1940 717 2022 έπάῧσον-περαένιιν
740 1943 909 2023 έπίμομφον
922 1942 1007 2006 ἄταν.
1054 1940 1202 2006 Dubitari
1217 1939 1345 2026 quidem

247 2056 351 2129 potest
365 2041 405 2106 de
426 2042 583 2108 locutione
598 2045 728 2129 θροούσᾳ
742 2070 790 2121 σε,
806 2043 923 2121 τέκνον,
939 2065 1023 2106 mess
1044 2057 1147 2107 tamen
1171 2065 1261 2106 eures
1283 2064 1345 2105 non

247 2143 346 2210 laedit.
391 2147 540 2210 Ceterum
563 2168 642 2233 pene
663 2145 804 2232 suspicor
820 2168 924 2210 veram
946 2145 1107 2210 lectionem
1123 2167 1198 2222 esse,
1214 2142 1347 2212 ἐπαΰσας

249 2248 359 2329 πατρὸς
380 2249 484 2331 ὀργάν.
530 2248 564 2313 Si
587 2265 669 2313 reete
693 2248 842 2314 sehabet
863 2248 966 2326 αιἰδθν,
991 2248 1222 2334 interpretarer,
1237 2248 1347 2333 patris

250 2371 364 2429 vocem,
381 2349 462 2414 idem
477 2373 542 2415 esse
560 2373 596 2414 ac
615 2351 722 2438 patris
740 2372 863 2415 nomn.
881 2374 923 2414 sc.
938 2373 1032 2438 quum
1049 2351 1104 2414 itta
1118 2349 1265 2414 clamabit
1277 2348 1345 2423 tilii,

250 2451 364 2531 τέκνον,
394 2462 429 2518 tu
457 2453 506 2516 illi
534 2453 749 2540 ingeminatis
776 2451 880 2534 πατήρ.
915 2452 1089 2517 BLOMF.
1134 2450 1197 2528 Qui
1226 2450 1347 2536 scripsit

249 2553 382 2622 έποθσος
403 2555 515 2637 πατρὸς
538 2557 640 2634 αὐδὰν,
659 2555 667 2638 Ι
686 2556 815 2640 θροούσᾳ
840 2579 888 2633 σε,
909 2555 1025 2633 τέκνον,
1045 2553 1051 2641 Ι
1069 2552 1183 2635 πέραιν’
1206 2553 1259 2617 οὐκ
1281 2554 1343 2616 έπέ-

247 2664 369 2739 μορφον
384 2658 470 2720 ἄταν.

293 2757 366 2842 829.
382 2757 486 2842 αὐδὰν]
502 2757 598 2822 αιἰδῶν
613 2756 723 2823 Guelf.
738 2756 815 2822 Ald.

293 2860 365 2945 830.
382 2857 567 2944 έπίμαμφον]
584 2861 755 2942 ἐπίμομφαν
770 2860 880 2925 Guelf.
894 2860 971 2926 Ald.
987 2874 1019 2925 et
1033 2860 1162 2926 fortasse
1178 2860 1227 2923 M.

292 2962 382 3046 ἄταν]
400 2959 500 3043 φάσαν
513 2960 591 3025 Ald.

293 3064 366 3148 831.
381 3062 406 3127 r'
422 3065 590 3128 Porsonus.
613 3090 646 3128 τε
660 3061 740 3128 libri.

293 3169 436 3251 Περσέος
457 3169 590 3255 καρδίαν]
607 3171 714 3234 “Hoc
731 3184 778 3234 est
796 3169 955 3246 saxeum,”
968 3166 1071 3254 inquit
1094 3163 1266 3230 Stsnleius:
1291 3163 1347 3226 mi-

249 3293 310 3335 nus
323 3287 416 3336 recte.
440 3272 519 3349 Quis
533 3272 614 3336 enim
630 3274 669 3337 de
684 3272 790 3337 Persei
804 3293 899 3336 σασοο
913 3270 1002 3335 corde
1012 3269 1108 3333 fando
1119 3267 1264 3332 audivit?
1290 3265 1346 3330 Vel

249 3373 378 3439 denotat
392 3371 572 3460 simpliciter
586 3375 758 3454 audaciam,
770 3373 872 3461 qualis
882 3387 948 3438 erat
963 3372 1088 3444 Persei;
1113 3369 1161 3433 vel
1173 3391 1245 3433 cum
1258 3367 1346 3432 sche

248 3479 338 3546 liasta
348 3478 637 3566 interpretandum
659 3480 724 3544 ἐπεὶ
735 3476 979 3560 ἀπεστραμμένοι
993 3474 1195 3557 έκαρατόμησε
1210 3473 1264 3552 τὴν
1279 3473 1345 3537 Ml·

248 3587 370 3648 δσνσαν·
386 3584 599 3664 ἀποστραφεὶς,
616 3583 721 3664 φησὶν,
733 3583 771 3649 ὣς
785 3584 906 3653 ἐκεῖνος,
921 3580 1036 3660 μήπως
1050 3579 1196 3658 θεώμενοι
1207 3578 1347 3661 αἰδεσθῇς

247 3685 303 3766 τὴν
316 3685 437 3766 μητέρα.
470 3685 532 3748 Sed
547 3685 650 3749 forsan
666 3683 725 3748 hoe
740 3683 831 3748 nimis
844 3698 1004 3768 argutum.
1033 3681 1137 3744 Notus
1150 3692 1198 3742 est
1213 3679 1347 3741 Perseus

247 3788 290 3853 ob
305 3787 449 3852 mulieres
470 3786 667 3858 interemtam
692 3785 890 3873 nequeenim
907 3784 1075 3849 Medusam
1091 3796 1226 3858 tantum,
1242 3778 1296 3843 sed
1315 3795 1347 3843 et

247 3888 335 3967 elias,
350 3912 423 3975 quae
437 3911 508 3952 cum
525 3888 651 3952 Baccho
665 3902 773 3953 eontra
787 3891 894 3975 Argos
916 3887 1148 3959 militabantun
1173 3883 1234 3947 vid.
1259 3882 1346 3945 Pau-

248 4014 312 4057 san.
330 4009 360 4068 α,
376 4010 428 4069 20,
442 4011 472 4074 3.
496 3992 670 4056 BLOMF.

291 4092 416 4179 φρεσὶν]
432 4094 563 4175 φρεσσδν
577 4094 628 4158 Μ.
645 4092 753 4157 Guell.
776 4093 868 4177 φρεσὶ
882 4094 985 4156 Turn.
1004 4088 1114 4176 Steph.

292 4196 366 4282 832.
392 4196 526 4280 σχεθὸν]
556 4195 675 4278 σχέθον
701 4195 808 4282 vulgo.
843 4204 865 4234 “
876 4194 996 4278 σχέθον
1024 4191 1056 4254 in
1087 4188 1282 4272 κατασχέθων
1304 4187 1347 4251 ob

247 4313 381 4365 metrum
405 4299 544 4372 mutavi3
568 4320 630 4363 non
654 4312 756 4363 tamen
772 4314 809 4363 ut
828 4296 889 4362 hoc
910 4318 969 4383 pro
982 4307 1067 4358 certo
1089 4291 1230 4356 helreem.
1263 4290 1347 4353 κοτέ·

244 4429 315 4487 χειν
335 4401 492 4467 interdum
515 4400 599 4465 idem
621 4399 704 4465 valet
725 4422 761 4464 ac
782 4398 914 4486 simplex
936 4398 1031 4481 ἔχειν,
1046 4417 1073 4459 e.
1088 4416 1119 4481 g.
1136 4393 1254 4477 Agam.
1269 4411 1344 4472 441.

251 4519 342 4590 1547.
367 4503 478 4594 Suppl.
494 4505 547 4574 26.
569 4502 683 4592 Eurip.
698 4501 814 4569 Bacch.
832 4500 906 4585 877.
925 4496 999 4585 χεῖρ’
1014 4498 1088 4579 ὑπὲρ
1111 4496 1243 4578 κορυφᾶς
1261 4492 1268 4580 Ι
1285 4498 1345 4557 τῶν
