2984 5054
452 366 520 428 AD
542 364 946 429 AGAMEMNONEM.
1186 361 1249 427 411

148 550 191 592 ac
211 527 358 592 Stsnleio.
403 530 541 594 Verbum
565 529 796 594 substantivum
817 528 973 594 adverbiis
995 528 1153 593 interdum
1170 529 1248 614 juu-

148 628 243 714 gitur.
261 628 407 715 Sophocl.
421 631 535 717 Autig.
551 633 624 718 637.
648 634 715 711 ἐμοὶ
732 635 791 715 γδρ
813 631 909 699 οὐδεὶς
928 633 1016 712 ἀξίως
1038 631 1122 696 ἔστω
1143 629 1249 713 γάμος.

150 730 222 796 vid.
248 731 395 798 Schaefer.
418 735 459 800 ad
481 734 614 821 Dionys.
632 735 710 798 Hal.
725 757 758 820 p.
779 735 831 817 76.
847 735 887 799 F.
902 736 945 798 Α.
975 731 1115 798 Wolfius
1127 730 1168 796 ad
1184 733 1250 796 De·

149 832 264 896 mostb.
287 833 413 921 Leptin.
437 860 469 922 p.
492 854 566 919 217.
588 835 700 922 accipit
720 835 759 915 ἦν
779 837 954 918 πρεπόντων
978 858 1037 923 pro
1060 835 1099 915 ἦν
1123 834 1250 916 πρίπον.

151 935 215 1001 Sed
235 936 266 999 iu
289 936 463 1002 istiusmodi
485 938 811 1004 circumlocutionibus
832 938 961 1025 ponitur
985 937 1147 1014 articulus,
1168 936 1251 1002 sicut

150 1038 183 1103 iu
198 1038 380 1126 exemplisa
395 1040 515 1104 Wolfio
529 1039 666 1127 prolatis.
713 1042 778 1104 Pro
797 1039 866 1103 ὥστ’
882 1040 986 1104 forsan
1007 1040 1175 1128 legendum
1191 1040 1250 1104 ὧδ’.

152 1141 327 1207 BLOMF.

198 1246 291 1329 1396.
305 1243 381 1327 τάδ’]
398 1243 603 1308 Scribendum
619 1243 686 1330 τῷδ’
701 1266 773 1308 cum
789 1243 977 1331 Tyrwhitto.

196 1347 273 1410 Post
287 1346 325 1426 ἦν
339 1368 470 1424 comma,
486 1362 558 1433 post
570 1349 627 1428 μὲν
641 1348 695 1412 οὖν
709 1362 863 1434 punctum
880 1370 946 1412 esse
964 1344 1145 1436 ponendum
1168 1358 1252 1410 recte

153 1447 276 1513 monuit
291 1447 499 1535 Tyrwhittus.

196 1550 367 1635 ὑπερδίκως]
382 1551 494 1637 Supra
508 1552 632 1616 modum
635 1555 739 1637 juste.
784 1552 910 1637 Optimo
912 1551 1005 1637 jure.
1034 1548 1179 1635 Sophocl.
1195 1548 1253 1633 Aj.

157 1652 251 1716 1108.
272 1655 310 1717 τά
331 1655 448 1735 σκληρά
469 1652 528 1736 γάρ
546 1678 601 1731 τοι,
617 1653 673 1718 κάν
687 1650 814 1733 ὑπέρδικ’
831 1650 859 1739 ᾗ,
876 1651 986 1717 δάκνει.
1010 1649 1139 1716 Pindar.
1154 1649 1253 1738 Pyth.

159 1773 208 1832 10,
225 1756 279 1836 67.
294 1754 451 1837 ὑπέρδικον
465 1755 611 1835 Νέμεσιν.
634 1755 811 1820 BLOMF.

202 1873 294 1943 1397.
308 1858 451 1943 τοσῶνδε]
465 1856 593 1924 τοσόνδε
608 1856 822 1923 Blomfieldus.

202 1979 293 2041 1401.
308 1986 365 2041 μου
378 1981 441 2025 om.
457 1960 536 2023 Veu.

203 2065 296 2143 1406.
312 2062 437 2147 δικαίας]
453 2065 571 2129 δικαίως
586 2064 628 2125 Τ.

204 2166 684 2250 1407-1411=1426—1430.

204 2282 296 2348 1407.
312 2264 447 2345 ἔδανάνῆ
461 2266 567 2351 ποτὸν]
583 2265 654 2330 Vid.
669 2264 710 2330 ad
727 2265 888 2330 Promoth.
902 2281 976 2351 479.

203 2364 296 2445 1408.
310 2365 399 2445 ρντάς
413 2364 579 2429 Stsnleius.
623 2364 806 2451 Legebutur
819 2367 920 2447 ῥοσάς.

160 2535 162 2539 ,
200 2468 328 2547 ὄρμενον
342 2466 544 2532 Abresclrius.
568 2469 719 2549 ὀρόμενον
732 2466 816 2531 libri.

203 2589 298 2653 1409.
314 2568 436 2653 ἐπέθου]
454 2572 580 2635 ἐπείθου
595 2572 637 2633 Τ.
652 2593 725 2634 cum
739 2568 782 2656 gl.
799 2570 917 2650 ἔμαθες.

205 2697 299 2758 1410.
316 2667 464 2758 ἀπέτάμες
479 2679 531 2744 111.
555 2668 700 2761 ἀπέτῖμες
714 2683 759 2745 Τ.

201 2777 350 2847 ἀπόπολις
363 2780 522 2845 Seidlerus
536 2781 576 2845 de
591 2806 669 2847 vers.
683 2782 808 2848 dochm.
823 2805 856 2869 p.
874 2801 944 2866 172.
966 2783 1073 2849 ἄπολις
1087 2781 1167 2845 libri.

202 2881 280 2966 ἔσει]
296 2882 352 2969 ἔσῃ
365 2881 447 2946 libri.

207 3003 300 3064 1411.
315 2986 453 3070 ὄβριμον]
467 2988 616 3069 ὄμβριμον
631 2989 673 3051 Τ.

207 3105 299 3166 1414.
311 3084 387 3170 τάδ’]
406 3087 684 3154 8011δεοά11111τότ’
700 3112 772 3154 cum
788 3090 832 3154 Is.
841 3088 958 3155 Vossio.

208 3187 300 3267 1416.
321 3187 437 3274 μήλων]
453 3191 559 3268 Verte,
574 3194 685 3258 ovibus
699 3193 933 3258 abundantibus
946 3194 983 3256 ιἰι
994 3192 1156 3280 gregibus
1170 3191 1259 3256 νοίίο-

162 3289 252 3356 ribus
267 3290 341 3354 bene
354 3292 528 3358 instructis.
552 3296 738 3361 HEATH.

209 3391 300 3472 1418.
324 3395 463 3475 Θρῃκίων
480 3396 630 3482 ἀημάτων]
647 3398 687 3461 111
703 3397 833 3462 Aulide.
856 3397 994 3477 ἀημάτων
1009 3395 1136 3460 Canteri
1155 3417 1260 3459 emen-

161 3492 248 3557 datio
261 3508 317 3560 est.
341 3496 534 3577 τελημμάτων
548 3497 629 3564 libri.

209 3615 301 3681 1419.
316 3601 392 3680 χρῆν
407 3600 575 3665 Porsonus.
598 3602 655 3684 χρή
670 3601 752 3666 libri.

209 3717 300 3778 1420.
316 3700 506 3786 μιασμάτων]
522 3702 700 3782 βιασμάτων
715 3705 792 3767 Veu.

208 3819 300 3880 1421.
316 3802 393 3866 Post
408 3803 493 3867 hunc
507 3826 631 3868 versum
646 3805 797 3869 nonnulla
811 3803 1007 3869 exciderunt.

209 3919 303 3987 1425.
317 3905 440 3990 γνώσει]
455 3908 558 3989 γνώσῃ
572 3905 653 3971 libri.

209 4007 302 4085 1426.
330 4009 492 4089 περίφρων,
520 4010 692 4095 Superbus.
719 4010 900 4097 Arroguus.
940 4006 1051 4095 Suppl.
1080 4021 1153 4092 754.
1179 4009 1263 4089 περί-

163 4115 274 4188 φρονες
293 4106 317 4172 δ’
333 4110 412 4192 ἀγαν
426 4109 532 4195 ἀνιέρῳ
550 4111 643 4190 μένει.
687 4111 776 4176 Alias
790 4135 865 4175 vero
880 4110 962 4176 valet
981 4110 1261 4198 prudentissimus,

162 4223 201 4272 ut
214 4231 297 4296 saepe
311 4211 398 4299 apud
414 4213 601 4277 Homerum.
625 4214 799 4278 BLOMF.

211 4313 302 4390 1428.
325 4313 426 4398 λίπος]
447 4320 535 4383 λῖπος
558 4315 668 4402 Steph.
714 4314 920 4380 Scribeudum
942 4316 1032 4394 λίβος
1052 4335 1125 4378 cum
1141 4315 1259 4378 Cusau·

162 4413 256 4479 bono.
279 4422 303 4454 ‘⁴
319 4416 407 4496 λίβος
423 4414 565 4481 Galenus
588 4415 717 4503 exponit
737 4417 823 4502 apud
844 4416 998 4504 Hippocr.
1016 4415 1049 4479 in
1069 4417 1174 4500 Exeg.
1197 4415 1260 4477 ἐπί·

164 4517 286 4599 σταγμά
299 4543 328 4583 τι
341 4524 400 4583 τῶν
414 4517 552 4598 ἀμμάτων
566 4518 914 4603 ἐγχνματιζόμενον-αι
928 4518 968 4584 sit
977 4518 1067 4608 λίβος
1077 4515 1159 4580 idem
1174 4512 1262 4600 quod

686 4640 745 4705 36
