2984 5054
529 359 597 423 AD
620 358 953 423 CHOEPHORAS.
1228 357 1290 422 475

235 523 309 585 611.
327 523 506 606 σύμμετρον]
526 524 625 588 Scn'b.
640 526 811 605 ξύμμετρον.

234 623 294 687 διαὶ
309 626 473 688 Cantcrus.
496 629 544 689 διὰ
558 625 638 690 libri.

235 728 309 790 612.
325 727 537 807 μοιρόκραντον
552 726 595 811 ἐς]
609 730 822 809 μοιρόκραντον
836 727 860 791 δ’
874 729 905 794 ἐς
921 728 970 790 Μ.
984 725 1094 813 Steplr.
1113 729 1286 808 μοιρόκραν-

192 825 266 890 τοέδ’
282 829 315 894 ἐς
328 827 406 908 ἦμαρ
421 827 497 891 Ald.
529 831 724 910 μοιρόκρατον
738 828 762 892 δ’
779 831 810 896 ἐς
830 829 908 910 ἦμαρ
924 827 1006 891 Rob.
1039 830 1234 909 μοιρόκρατον
1255 831 1287 896 dr

189 927 268 1009 ἦμαρ
284 930 387 992 Turn.

233 1030 325 1114 ἦμαρ]
345 1030 549 1095 Scribendum
565 1032 654 1112 ἆμαρ.

234 1135 306 1217 613.
322 1133 423 1197 ἄλλαν
437 1133 596 1197 Pauwius.
619 1136 701 1196 ἄλλα
714 1132 797 1196 libri.

234 1238 282 1299 δεῖ
295 1236 399 1299 Turn.
422 1235 457 1315 δή
471 1233 541 1297 libri
556 1234 678 1320 reliqui.

234 1337 307 1417 614
331 1336 483 1421 Σκύλλαν]
506 1338 557 1400 De
580 1336 694 1424 Scylla,
710 1338 778 1401 Nisi
795 1336 1030 1423 Megarensium
1046 1336 1127 1423 regis
1136 1336 1211 1416 filia,
1225 1335 1285 1400 du-

191 1434 265 1523 plex
288 1450 333 1500 est
355 1436 533 1500 fabularum
549 1438 651 1502 series.
688 1438 754 1502 Alii
778 1461 951 1515 narravere,
966 1460 1038 1502 cum
1060 1438 1168 1502 Minos
1183 1441 1287 1501 Cretae

191 1560 247 1602 rex
270 1540 403 1625 Megara
426 1539 535 1602 urbem
557 1539 723 1618 obsideret,
740 1538 875 1626 Scyllam
898 1562 917 1603 a
939 1539 1049 1603 Mino'e
1070 1562 1166 1603 aureo
1181 1539 1288 1602 monili

191 1655 382 1726 corruptam,
406 1640 484 1704 Niso
506 1641 587 1727 patri
609 1640 755 1728 capillum
777 1640 953 1718 abscidisse,
975 1665 995 1705 a
1012 1641 1104 1727 cujus
1123 1664 1286 1706 conserva·

191 1740 276 1805 tione
297 1741 362 1806 vita
382 1742 451 1830 ejus
471 1757 551 1806 esset
572 1765 733 1829 suspensa.
778 1743 829 1807 Sic
842 1741 1056 1829 Apollodorus
1069 1763 1103 1828 3,
1121 1759 1170 1827 15,
1187 1745 1217 1808 8.
1232 1743 1287 1829 qui

192 1857 295 1907 tamen
326 1842 401 1908 doni
426 1844 509 1908 illius
535 1844 722 1909 mentionem
750 1844 835 1908 baud
864 1845 948 1910 lacit.
987 1844 1065 1923 Alii,
1093 1858 1129 1909 ut
1155 1844 1289 1909 Ovidius

193 1945 407 2032 Metamorph.
430 1947 450 2009 l.
468 1946 499 2009 8.
521 1961 553 2009 et
575 1947 724 2034 Virgilius
745 1946 776 2009 in
800 1947 877 2024 Ciri,
900 1968 1004 2010 amore
1025 1946 1145 2010 Minois
1165 1961 1287 2033 captam

192 2046 288 2111 fuisse
312 2047 447 2135 Scyllam
470 2048 646 2134 perbibent,
662 2071 858 2135 purpureum
882 2048 913 2112 in
930 2049 999 2112 Nisi
1014 2049 1126 2112 vertice
1140 2048 1288 2135 capillum

195 2149 265 2214 urbi
279 2164 312 2214 et
326 2172 423 2237 regno
437 2149 561 2214 fatalem
577 2150 683 2227 fuisse,
699 2151 779 2214 adeo
795 2166 830 2214 ut
846 2152 980 2235 Megara
993 2150 1062 2236 capi
1077 2172 1138 2214 non
1151 2165 1287 2237 possent,

193 2251 346 2337 quamdiu
368 2250 420 2314 illc
441 2250 604 2315 incolumis
626 2266 774 2315 maneret.
819 2253 919 2315 Hunc
937 2250 1034 2337 igitur
1047 2252 1193 2338 capillum
1208 2252 1289 2317 clam

193 2376 213 2415 a
226 2353 323 2440 putris
336 2354 437 2439 capite
458 2352 626 2417 abscissum
644 2350 778 2439 Scyllam
800 2350 902 2415 Minoi
924 2351 1095 2417 tradidisse.
1131 2353 1194 2418 Cir.
1213 2374 1284 2422 220.

279 2582 369 2646 Nam
379 2585 482 2670 capite
494 2604 516 2644 α
530 2604 651 2647 summo
666 2582 764 2667 regis,
780 2580 924 2644 mirabile
936 2579 1034 2659 dictu,

280 2684 428 2748 Candida
441 2687 600 2761 caesaries,
603 2683 764 2770 florebant
778 2691 918 2768 tenrporu
931 2681 1037 2761 lauro,

278 2785 322 2849 At
336 2806 444 2850 roseus
458 2785 714 2872 mediofidgebut
728 2785 842 2847 vertice
854 2785 965 2861 crinis,

280 2888 383 2972 Cujus
396 2909 491 2974 quom
504 2896 633 2951 servata
647 2886 704 2949 diu
718 2886 966 2970 noturafitirset

283 2991 364 3052 Tam
375 2991 520 3075 putrium
534 2989 717 3051 incolumem
732 2988 812 3051 Nisi
826 2985 1184 3074 regnumquefittarum

281 3090 455 3156 Concordes
468 3091 761 3175 stabilifirmarunt
775 3091 905 3152 numine
920 3089 1042 3150 Parcoe.
1264 3084 1269 3091 ’

195 3262 295 3326 SCH.
340 3259 495 3323 Fabulam
510 3257 600 3321 aliter
619 3273 746 3321 narrant
761 3255 911 3343 Virgilius
926 3255 991 3319 Cir.
1006 3274 1078 3339 130.
1094 3253 1189 3316 Orid.
1208 3255 1289 3318 Met.

195 3364 226 3437 8,
242 3381 295 3447 90.
309 3383 328 3423 a
344 3358 481 3425 Stanleio
496 3357 625 3423 laudati.
670 3358 808 3421 Mortem
825 3356 938 3444 Scyllae
952 3370 1058 3419 narrat
1073 3355 1243 3419 Pausanias
1259 3375 1289 3432 a,

193 3484 245 3549 34.
281 3465 397 3527 Totam
412 3461 493 3525 hanc
506 3459 646 3525 fabulam
666 3457 846 3544 rejiciebant
862 3460 1074 3544 Megarenses,
1090 3469 1167 3520 teste
1180 3455 1289 3519 eodem

197 3586 288 3652 ¹‚39·
311 3563 373 3628 vid.
399 3565 504 3649 Heyn.
527 3561 567 3625 ad
588 3559 774 3648 Apollodor.
795 3583 827 3645 p.
843 3575 916 3645 345.
941 3560 981 3622 F.
1001 3556 1109 3622 Ursin.
1136 3556 1176 3620 ad
1200 3557 1289 3642 Virg.

193 3667 263 3731 Ecl.
287 3670 316 3744 6,
333 3685 385 3747 74.
424 3664 537 3752 Scyllae
560 3662 760 3750 parricidium
784 3683 856 3725 cum
879 3658 1015 3724 facinore
1039 3658 1289 3743 Clytaemnestra

192 3768 382 3855 comparavit
397 3766 583 3853 Propertius
593 3785 626 3850 3,
639 3779 690 3847 17,
706 3784 755 3848 19.
772 3763 894 3837 Quidve
911 3761 1169 3846 Clytemestra,
1188 3781 1286 3846 prop-

192 3881 240 3934 ter
260 3892 354 3958 pamm
376 3878 440 3933 tola
455 3869 602 3954 Myce-nis
621 3867 761 3950 Irfirmir
781 3874 893 3952 stupro
913 3872 977 3927 atat
999 3862 1133 3948 Pelopea
1155 3861 1289 3925 domuel

196 3974 306 4059 Tuque
319 3995 338 4035 ο
351 3973 465 4035 Minoo
477 3967 681 4043 venumdata,
693 3966 952 4054 Scyllu,figura,
969 3963 1288 4049 Tondenspurpurea

192 4094 296 4159 regnu
307 4082 445 4159 paterna
458 4090 555 4133 conta.
578 4068 754 4132 BLOMF.

236 4176 309 4257 615.
324 4176 398 4253 ὕπερ
414 4173 583 4235 Porsonus.
605 4170 678 4233 ὑπαί
690 4167 773 4231 libri.

235 4276 308 4338 618.
323 4275 477 4353 πιθήσασα
491 4272 693 4338 Abreschius.
716 4270 887 4350 πειθήσασα
900 4268 983 4334 libri.

235 4378 308 4461 619.
325 4377 437 4459 Νῖσον]
458 4379 556 4440 Νίσον
569 4373 650 4438 libri.
674 4378 773 4436 Νῖσον
788 4373 958 4454 Δουλιχιῆα
971 4370 1103 4434 Homer.
1119 4365 1233 4454 Odyss.
1248 4373 1285 4444 Σ,

196 4480 266 4544 126.
292 4477 467 4541 BLOMF.

698 4596 789 4660 3⁰2
