2984 5054
244 318 310 387 486
608 319 989 387 ANNOTATIONES

288 509 362 573 742.
377 489 505 576 ἐκεῖνος]
522 490 638 554 έκεῖνον
654 486 762 553 Guell.
779 487 856 552 Ald.
871 489 978 552 Turn.
994 503 1026 554 et
1040 489 1140 555 codex
1161 491 1349 559 Robortelli.

245 592 337 658 Idem
351 593 451 658 codex
467 593 627 675 εὐφρανεῖν
641 613 700 678 pro
714 591 865 673 εὐφρανεῖ.

288 711 361 778 744.
377 693 621 776 συγκεκρσμμέυσ
640 690 715 756 Ald.
744 694 863 756 Notent
879 691 995 756 tirones
1008 692 1223 778 garrulitatem
1239 696 1346 760 δυσκό-

244 801 356 862 λουθον
370 818 450 860 anus
468 793 612 873 indoctae,
629 803 651 834 “
663 793 749 881 quod
771 793 803 857 in
828 792 936 880 primia
955 794 1153 859 commendat
1173 811 1347 874 auctorem,

244 920 317 962 cum
342 920 544 984 personarum
567 897 638 978 ἦθος
663 896 773 961 dextre
798 909 830 959 et
857 896 1006 979 εὐστόχως
1029 896 1216 984 exprimat.”
1252 900 1346 977 Quod

244 1022 317 1064 vere
331 1000 507 1065 observavit
523 997 689 1064 Stanleiue.
714 997 889 1063 BLOMF.

289 1117 307 1184 7
310 1115 364 1186 50.
386 1098 532 1183 μητρόθεν
551 1099 725 1186 δεδεγμένη]
751 1097 1108 1185 Aristoph.Ach.178.
1131 1101 1275 1165 σκάνδικά
1295 1128 1346 1182 μοι

245 1201 295 1270 δδς
315 1200 462 1283 μητρόθεν
484 1201 655 1284 δεδεγμένη.
676 1224 771 1289 quem
793 1223 917 1264 versum
941 1223 1014 1265 cum
1040 1200 1100 1265 hoc
1123 1203 1192 1267 loco
1213 1203 1346 1267 eontulit

246 1306 406 1369 Porsonus
419 1305 453 1368 in
469 1303 633 1392 Aristoph.
648 1326 680 1391 p.
694 1323 765 1390 113.
789 1303 964 1368 BLOMF.

290 1423 362 1492 751.
387 1406 587 1471 constructio
608 1406 704 1493 hujus
725 1405 793 1485 loci,
810 1418 845 1470 ut
863 1403 959 1492 vulgo
974 1404 1100 1493 legitur,
1114 1406 1193 1471 adeo
1207 1408 1345 1488 turbata,

246 1533 300 1574 aen
315 1509 421 1596 potius
435 1508 522 1572 nulla
536 1523 593 1586 est,
609 1522 644 1573 ut
654 1506 790 1595 aliquam
806 1507 1039 1594 corruptionem
1055 1507 1150 1573 latere
1164 1509 1268 1595 quivis
1279 1534 1346 1575 sus·

244 1612 375 1700 picetur.
414 1610 579 1676 Veriasime
600 1609 721 1675 monuit
744 1609 902 1688 Butlerua,
926 1608 1079 1697 prolixam
1103 1625 1135 1675 et
1154 1611 1344 1677 inconditam

245 1713 415 1779 orationem
427 1712 563 1800 garrulae
578 1710 691 1777 nutrici
704 1712 888 1786 convenire;
912 1712 1055 1777 soloecam
1070 1736 1107 1777 ac
1128 1714 1220 1800 plane
1236 1713 1346 1778 barba·

245 1837 312 1880 ram
329 1838 391 1879 non
406 1815 491 1880 item.
538 1813 706 1878 Schutzius
720 1828 813 1899 putat
828 1813 946 1901 aliquid
962 1830 1032 1902 post
1047 1815 1207 1897 δεδεγμένη
1221 1815 1344 1879 interci-

246 1916 345 1991 diase;
371 1919 575 1981 Hermannua
598 1940 671 1980 vero
693 1932 764 2002 pont
785 1916 1005 1997 κελευσμάτων,
1032 1917 1088 1980 nini
1111 1915 1277 2004 legendum
1305 1918 1344 1982 sit

246 2019 347 2098 έτλην.
383 2020 505 2083 Locum
520 2017 626 2105 aliqua
640 2041 678 2082 ex
695 2035 784 2106 parte
797 2017 1019 2105 expeditiorem
1036 2017 1169 2097 reddidi,
1182 2019 1345 2085 scribendo

247 2122 280 2186 έκ
295 2144 354 2209 pro
369 2122 418 2185 καὶ
432 2144 461 2185 v.
478 2135 551 2206 751.
568 2121 638 2203 (κάκ
659 2121 790 2199 Portus)
806 2133 843 2184 ut
857 2119 1005 2184 orationis
1026 2121 1113 2185 filum
1136 2122 1343 2211 interrumpa-

247 2235 300 2286 tur
314 2235 385 2311 poat
399 2223 506 2304 τριβὴν
521 2244 621 2309 nsque
635 2221 675 2287 ad
692 2225 766 2305 761.
791 2222 967 2288 BLOMF.

289 2325 542 2407 νυκτιπλάγκτοον
556 2323 635 2388 Ald.
652 2323 736 2389 unde
751 2326 987 2407 νυκτίπλαγκτον
1003 2326 1107 2392 Turn.

289 2426 500 2507 κελευσμάτων
516 2426 624 2513 steph.
648 2426 837 2507 κελευμάτων
851 2425 921 2490 libri
936 2425 1059 2513 reliqui.

239 2580 244 2595 .
290 2545 362 2614 752.
379 2531 427 2594 rol
441 2531 557 2615 πολλὰ]
575 2530 594 2610 ᾖ
608 2534 709 2596 πολλὰ
722 2533 886 2616 Musgrav.
910 2529 1011 2616 Apud
1025 2530 1173 2618 Sophocl.
1185 2533 1239 2596 ΕΙ.
1252 2553 1343 2618 1143.

245 2630 384 2696 similiter
398 2631 463 2695 fere
477 2635 679 2719 conqueritur
694 2634 840 2707 Electra;
864 2634 954 2712 Οἴμοι
965 2633 1093 2699 τάλαινα
1104 2638 1155 2714 τῆς
1170 2637 1240 2716 έμῆι
1250 2635 1344 2700 τάλαι

245 2738 356 2815 τροφῆς
376 2733 599 2815 Ἀνωφελήτου,
622 2735 676 2813 τὴν
698 2736 757 2816 ἐγὼ
779 2733 846 2815 θάμ’
864 2735 943 2816 ἀμφὶ
960 2737 1011 2800 σοὶ
1033 2735 1125 2822 Πόνιρ
1146 2743 1252 2820 γλυκεῖ
1270 2764 1344 2819 πορ-

245 2833 351 2916 έσχου.
398 2836 438 2898 In
467 2834 525 2899 hoc
550 2835 617 2899 loco
645 2836 906 2900 constructionem
938 2835 981 2902 sic
1009 2838 1137 2924 expedit
1158 2837 1340 2913 scholium

245 2936 426 3018 άνωφέλητσ
440 2936 505 3015 έμοὶ
520 2939 555 3023 τῇ
570 2935 668 3023 πλάσῃ
683 2941 786 3002 πολλὰ
800 2939 848 3003 καὶ
861 2940 1007 3021 μοχθηρά.
1031 2941 1206 3005 BLOMF.

289 3055 363 3124 753.
379 3038 491 3126 τλάοη]
509 3039 616 3105 τλάσει
631 3039 715 3104 Rob.

288 3142 417 3223 ὡσπερεὶ
431 3140 542 3228 βοτὸν]
559 3143 660 3224 ὥσπερ
674 3143 789 3208 εῖκοτδν
806 3144 856 3208 Μ.
895 3144 994 3207 Ηυιιο
1016 3143 1118 3207 locum
1141 3143 1185 3208 ita
1206 3143 1343 3210 reddidit

246 3245 378 3310 Grotius
389 3253 523 3317 ;—oelaa
535 3247 654 3331 prima,
669 3266 725 3309 ceu
739 3245 864 3309 brutum
874 3267 983 3332 ριοιιο,
1000 3247 1045 3309 Ul
1056 3247 1213 3322 educetur,
1230 3248 1344 3312 meritis

243 3347 358 3412 οἱῖιυιε
371 3346 504 3433 indiget.
528 3348 611 3411 Cum
628 3370 657 3411 r.
674 3361 747 3430 752.
760 3345 1106 3412 Hermannuacontulit
1122 3347 1214 3412 Iliad.
1231 3355 1255 3425 1,
1265 3368 1340 3434 490.

244 3449 384 3513 Πολλάκι
404 3475 456 3529 μοι
478 3449 657 3518 κατέδευσας
679 3450 728 3513 tart
750 3449 896 3529 στήθεσσι
917 3454 1030 3533 χιτῶνα
1046 3451 1148 3527 Οἶνον,
1165 3451 1343 3529 ἀποβλύζων

243 3553 278 3616 έν
300 3551 404 3638 νηπιέῃ
426 3552 577 3634 ἀλεγεινῇ.
612 3549 670 3618 Ὦς
692 3552 744 3615 έπέ
763 3576 812 3615 σοι
832 3552 917 3631 μάλα
937 3548 1030 3615 πόλλ’
1046 3551 1168 3626 ἔπαθον,
1184 3553 1233 3616 καὶ
1250 3551 1340 3617 πόλλ’

243 3652 389 3737 ἐμόγησα.
418 3650 658 3739 comparandus
672 3652 763 3716 etiam
778 3652 955 3739 Sophocles,
972 3676 1025 3716 seu
1041 3652 1156 3740 potius,
1170 3668 1206 3718 ut
1219 3653 1342 3741 opinor,

244 3756 426 3844 AEachylua,
442 3755 473 3817 in
497 3754 611 3831 Nioba,
634 3754 895 3834 Λεπτοσπσθητων
916 3757 1079 3838 χλανιδίων
1099 3756 1237 3837 έρειπῖοιι
1254 3756 1341 3821 Θάλ·

242 3882 342 3922 πουσα
356 3857 405 3921 καὶ
418 3858 573 3939 ψύχουσα,
590 3856 639 3919 καὶ
659 3857 741 3940 πόνιρ
763 3856 858 3919 πόνον
871 3855 926 3920 Ἐκ
948 3856 1051 3924 νυκτὸς
1066 3856 1269 3921 άλλόσσουσο
1289 3856 1343 3920 τδν

243 3958 307 4022 καθ’
323 3958 444 4040 ἡμέραν.
482 3957 586 4021 Verba
600 3970 672 4020 sunt
690 3956 826 4020 nutricis.
852 3958 1024 4022 BLOMF.

286 4079 303 4141 7
305 4079 359 4143 54.
397 4060 495 4142 τρόπῳ
532 4057 655 4141 φρενός]
687 4058 765 4123 Nou
798 4061 862 4123 ulio
897 4061 996 4138 modo,
1027 4083 1122 4147 quam
1151 4063 1340 4146 conjectura.

243 4162 417 4225 BLOMF.

286 4265 360 4349 756.
375 4261 393 4343 ἢ
407 4261 508 4350 λιμδτ]
526 4261 733 4327 Scribendum
750 4266 777 4328 εῖ
790 4263 876 4343 λιμὸς
890 4286 962 4327 cum
980 4264 1128 4329 Stanleio.

283 4366 370 4452 δίψη]
392 4365 467 4448 δίψη
488 4386 546 4451 pro
561 4365 639 4447 δίψα
652 4364 771 4429 dictum
785 4364 903 4452 quibua
916 4366 964 4430 vel
987 4365 1160 4432 rationibus
1174 4366 1222 4431 vel
1238 4390 1342 4432 exem·

238 4470 298 4559 plia
320 4466 447 4535 defendi
468 4466 564 4556 possit
581 4467 710 4554 ‘ostendi
731 4467 765 4531 in
787 4467 952 4534 'l'lresauro
974 4467 1036 4534 vol.
1058 4487 1088 4536 ω.
1110 4492 1141 4556 p.
1161 4470 1254 4556 1586.
1281 4470 1337 4535 aed
