2984 5054
264 325 332 392 616
630 332 1011 397 ANNOTATIONES

308 501 466 584 57⁶·t32'0l
485 503 541 584 βίς
555 501 658 564 Turn.

307 620 381 687 579.
395 604 480 686 αἰδῶ]
493 604 561 666 Cur
568 605 720 689 pudorem
733 625 804 667 curn
817 603 950 666 tristitia
961 616 992 667 et
1003 603 1152 688 lacrymis
1163 603 1366 688 conjunctum

263 703 358 785 dicat,
373 703 558 790 intelligitur
572 727 610 767 ex
627 704 725 791 ipsius
740 706 799 769 Ins
813 704 916 769 verbis
932 704 1091 768 Prometh.
1109 729 1137 768 v.
1154 706 1228 784 648.
1245 706 1345 790 [642]

610 858 703 919 καίτοι
719 857 765 919 καὶ
780 853 901 937 λέγουσ’
918 856 1099 937 αἰσχύνομαι

436 959 601 1021 θεόσσυτον
615 963 757 1041 χειμῶνα,
775 958 823 1020 καὶ
838 960 1006 1038 διαφθορὰν

433 1064 559 1140 μορφῆς,
575 1061 645 1123 ὅθεν
659 1086 710 1139 μοι
725 1061 852 1144 σχετλί9
866 1058 1067 1139 προσέπτατο.
1113 1058 1213 1122 SCH.

304 1207 380 1290 580.
397 1207 471 1288 έρμα
485 1208 560 1292 δῖον]
578 1207 681 1273 Schol.
697 1209 919 1296 interpretatur
931 1208 1048 1289 βόρος;
1075 1230 1130 1272 nec
1152 1207 1284 1271 dubium
1304 1223 1351 1271 est

262 1308 339 1392 quin
362 1327 453 1395 poeta
475 1333 533 1396 pro
553 1333 646 1375 onere
654 1313 764 1396 fletur
785 1333 824 1374 ex
843 1309 936 1373 Joris
956 1309 1196 1373 contrectatione
1218 1325 1363 1396 suscepto

262 1412 410 1497 posuerit.
435 1414 534 1477 SCH.
558 1414 697 1495 έρμθδιου
712 1411 788 1475 Ald.

303 1516 377 1599 584.
395 1518 536 1595 φυσίζοον
552 1518 721 1579 Porsonus.
745 1515 894 1596 φυσίζωον
909 1513 989 1579 libri.

303 1618 378 1700 585.
400 1617 435 1680 τὸ
456 1618 505 1700 δὴ]
530 1618 593 1681 τοδὶ
614 1618 717 1681 Turn.
736 1615 844 1701 Steph.
859 1630 953 1693 recte,
970 1617 1026 1680 nisi
1046 1616 1132 1702 quod
1147 1618 1214 1680 τόδε
1229 1616 1360 1680 scribere

258 1717 427 1796 debebant,
445 1718 531 1805 quod
546 1719 619 1783 fecit
635 1721 803 1782 Porsonus.
849 1720 997 1782 Ceterum
1013 1716 1180 1782 delendum
1197 1742 1326 1782 comma.

303 1822 378 1905 587.
397 1821 518 1904 νόσους]
536 1823 627 1884 νόσου
643 1821 720 1884 Ald.

304 1919 496 2005 ἐπιβούλους]
514 1922 676 1999 ἐπιβούλου
692 1921 888 1985 Schuetzius.

302 2023 375 2104 589.
394 2021 544 2085 Deleatur
558 2043 680 2084 comma
695 2038 764 2106 post
777 2022 925 2102 Ἐπάφου.
958 2019 1140 2096 Scholiasta,
1157 2020 1253 2084 καὶτὸ
1269 2021 1358 2102 γένος

259 2124 341 2202 ἡμῶν
371 2119 407 2200 ἐξ
432 2120 571 2204 Ἐπάφου
600 2121 701 2204 λέγων
730 2122 805 2188 εἶναι
833 2127 885 2202 τῆς
913 2122 1053 2200 ἀληθείας
1083 2121 1216 2202 κυρήσεις
1246 2124 1293 2186 καὶ
1323 2124 1357 2186 οὗ

259 2225 369 2310 ψεύσῃ.

302 2344 377 2410 590.
396 2324 624 2411 ἓνδικωτέροισι]
640 2327 873 2409 ἐνδικωτέροισιν
889 2328 939 2391 Μ.

301 2446 377 2511 592.
394 2429 470 2491 Post
486 2429 560 2506 ἄναξ
576 2426 623 2490 vel
638 2428 743 2509 γένους
758 2429 831 2493 duae
846 2428 1029 2492 exciderunt
1044 2427 1183 2513 syllabae.

301 2545 376 2613 594.
394 2531 470 2592 Post
486 2532 561 2596 Ζεύς
576 2528 663 2592 colon
679 2545 825 2615 ponatur.

302 2646 378 2714 595.
395 2632 503 2716 ἀρχὰς]
522 2631 727 2694 scribendum
743 2633 836 2713 ἀρχᾶς
851 2654 922 2695 curn
940 2629 1115 2695 Schuetzio.

304 2731 427 2815 θοάζων]
444 2733 542 2794 Recte
557 2753 613 2815 per
628 2731 790 2811 καθήμενος
804 2733 939 2819 explicat
957 2731 1128 2809 scholiasta,
1149 2732 1189 2795 ‹lc
1210 2756 1275 2819 quo
1297 2755 1356 2797 usu

259 2832 345 2895 verbi
361 2832 489 2916 exposui
506 2832 545 2894 ad
562 2832 658 2918 Soph.
675 2832 753 2895 OEd.
771 2834 813 2896 T.
831 2852 860 2897 2.

303 2937 376 3017 596.
400 2933 434 2995 τὸ
455 2940 541 3011 μεῖον
564 2935 746 3014 κρεισσόνων
768 2936 917 3018 κρατύνει]
938 2937 1113 3020 Inferiores
1134 2958 1230 3022 super
1249 2947 1356 3023 poten·

259 3036 353 3098 tiores
367 3035 475 3097 evehit.

300 3156 376 3220 597.
399 3138 513 3203 ούτιυος
537 3137 664 3217 (ούτινος
687 3138 735 3199 Μ.
759 3139 873 3204 οὗτινος
888 3138 982 3220 Altl.)
1001 3140 1116 3205 ἄνωθεν
1137 3140 1246 3219 ἡμένου
1268 3141 1356 3221 (ἠμὲν

258 3240 293 3302 ού
309 3239 359 3302 Μ.
382 3235 509 3316 ἦμενόύ
524 3235 600 3299 Ald.
623 3238 641 3315 ἡ
662 3239 718 3317 μὲν
738 3240 772 3301 ού
787 3238 883 3320 Rob.)
909 3239 996 3319 σέβει
1020 3242 1111 3326 (σέβῃ
1135 3242 1253 3323 Turn.)
1278 3241 1355 3304 κάτω

259 3343 380 3427 (κρότος
395 3340 581 3425 Pnuwius).]
598 3342 712 3403 Versus
725 3340 888 3427 explendae
902 3342 1022 3405 lacuuoe
1036 3365 1144 3405 caussa
1158 3365 1196 3405 ex
1215 3340 1353 3428 superio-

258 3468 327 3509 rurn
341 3444 505 3507 verborum
521 3441 713 3528 glossematis
727 3443 888 3506 confictus.
912 3444 993 3506 Nam
1007 3447 1099 3507 verba
1111 3446 1225 3510 οὔτινος
1240 3445 1353 3508 ἄνωθεν

257 3548 365 3626 ἡμένου
388 3545 566 3609 referuntur
587 3543 626 3606 ad
651 3566 679 3606 v.
702 3560 777 3628 595,
801 3561 958 3631 postrema
977 3561 1081 3609 autern
1107 3547 1193 3625 σέβει
1216 3545 1292 3609 κάτω
1314 3568 1353 3609 ex

256 3648 340 3730 ῥέπει
356 3647 432 3710 κάτω
448 3646 617 3733 depravata
632 3660 716 3720 sunt,
733 3668 805 3731 quae
820 3669 892 3733 pars
906 3665 979 3712 sunt
992 3649 1185 3736 glossematis
1202 3649 1235 3712 τὸ
1257 3655 1353 3729 κρεῖσ-

257 3775 314 3813 σον
327 3749 412 3831 ῥέπει
428 3749 513 3812 κθτω.

299 3851 374 3938 598.
390 3850 542 3913 Deleatur
556 3871 676 3912 comma
691 3862 760 3932 post
776 3848 855 3917 έπος.

299 3972 373 4034 599.
391 3950 519 4034 δούλιος]
536 3948 740 4014 Scribendum
755 3952 880 4027 βούλιος
893 3973 964 4013 cum
981 3948 1127 4015 Stanleio.

300 4056 374 4116 600.
386 4053 424 4115 εὖ
438 4074 508 4114 curn
526 4057 664 4133 θαρσεῖτε
678 4050 943 4135 conjungendum.

300 4156 373 4217 602.
396 4152 551 4237 ἀγγέλων]
574 4151 734 4233 ἀγγέλλων
755 4152 804 4214 Μ.
824 4174 843 4214 α
864 4167 1035 4216 correctore
1056 4152 1196 4239 antiquo,
1217 4169 1248 4217 et
1271 4167 1352 4218 recte

255 4259 393 4321 sortasse.

299 4360 371 4440 603.
388 4356 491 4418 ένισπε
508 4355 591 4419 Rob.
609 4355 718 4441 Steph.
742 4357 870 4437 ένόσπερ
887 4357 936 4420 Μ.
954 4359 1026 4423 Pur.
1043 4358 1131 4422 ἔνεπε
1147 4357 1257 4423 Guell'.
1273 4359 1352 4425 Altl.

255 4461 289 4523 ἓν
305 4461 369 4523 εἰπὲ
385 4460 488 4522 Turn.
