2984 5054
245 334 310 400 436
607 342 986 409 ANNOTATIONES

270 552 272 556 ι
289 506 342 568 61.
362 505 456 591 ῥοπή]
473 508 652 574 Inclinatio.
699 512 838 599 Proprie:
851 511 892 576 de
913 527 1036 580 statera
1057 511 1200 575 examine
1220 509 1346 576 dicitnr.

245 607 322 687 ῥοπὴ
337 606 419 675 δίκας
431 622 478 673 est
492 613 652 677 conversio
665 633 773 678 rerum
786 614 827 678 ab
841 616 979 679 lustitia
979 615 1089 699 facto
1118 615 1235 677 Sensus
1249 613 1347 701 hujus

244 706 305 773 loci
319 708 370 774 hic
384 725 450 785 θοις
476 713 566 779 Ultio
580 714 687 780 divina
702 715 800 781 serius
814 716 907 781 citius
921 738 1029 781 omnes
1043 716 1186 780 scelestos
1199 714 1343 802 corripit;

245 810 322 876 alios
334 813 484 894 celeriter,
495 814 571 880 dum
586 816 653 881 dies
666 817 771 882 adhuc
786 817 885 893 luoet;
909 818 986 883 alios
1000 832 1104 883 autem
1118 817 1226 906 paullo
1237 819 1344 895 serius,

244 913 326 978 circa
339 917 576 1002 crepusculum
600 920 677 984 alios
690 942 763 984 vero
778 923 827 985 vel
842 921 944 987 media
959 937 1060 986 nocte.
1099 922 1150 985 lta
1167 920 1343 984 Schutzius.

245 1016 423 1081 BLOMF.

288 1121 461 1205 ἐπισκοπεῖ]
478 1122 551 1184 Ηοσ
566 1123 695 1187 verbum
718 1139 750 1189 et
770 1125 881 1189 similia
893 1124 935 1190 de
949 1125 1077 1189 numine
1091 1125 1198 1189 divino
1213 1122 1344 1210 punien-

244 1216 295 1282 dis
315 1217 476 1283 hominum
499 1220 620 1286 delictis
643 1222 764 1288 intento
788 1224 944 1312 usurpari,
967 1224 1047 1289 hene
1067 1223 1173 1288 multis
1191 1221 1344 1308 exemplis

244 1319 352 1386 docuit
365 1323 404 1387 cl.
418 1323 567 1388 Matthiae
582 1324 677 1389 Misc.
693 1325 801 1412 philol.
819 1346 847 1404 2,
863 1347 891 1390 1.
907 1350 939 1414 p.
955 1347 988 1410 9.
1012 1326 1112 1390 SCH.

286 1426 382 1509 δίκας]
400 1428 485 1491 δίκαν
498 1426 569 1491 libri
583 1442 698 1514 praeter
713 1429 818 1492 Turn.
864 1428 1048 1493 Genitivum
1068 1427 1145 1514 legit
1165 1424 1341 1502 scholiasta,

242 1527 262 1606 ἡ
276 1527 309 1590 δὲ
323 1530 373 1606 τῆς
387 1530 466 1608 δίκης
478 1530 555 1610 ῥοπὴ
569 1530 637 1596 τοὺς
649 1533 707 1609 μὲν
721 1532 879 1595 ἐπισκοπεῖ
890 1529 1004 1614 ταχέως
1019 1531 1068 1594 καὶ
1082 1532 1233 1610 ἀμύνεται.

246 1668 250 1677 ·
285 1629 338 1693 62.
352 1631 470 1716 ταχεῖα]
488 1633 527 1696 ln
545 1630 621 1696 Ald.
637 1633 721 1697 Rob.
736 1655 797 1696 non
814 1647 885 1719 post
899 1639 1015 1715 ταχεῖα,
1031 1631 1085 1695 sed
1101 1647 1171 1718 post
1188 1631 1272 1694 δίκαν
1289 1628 1339 1692 iu·

243 1732 419 1817 terpunctio
433 1734 534 1819 posita
548 1749 604 1798 est.

285 1834 361 1920 τοῖς]
379 1833 583 1899 Scrihendum
599 1838 753 1903 volscum
769 1837 865 1902 schol.
881 1850 913 1901 et
929 1838 1036 1900 Turn.

285 1935 338 2019 63.
362 1936 396 1998 ἐν
414 1938 577 2022 μεταιχμίῳ
596 1937 773 2023 σκότον]Ιά
795 1953 842 2003 est
864 1942 971 2003 σκότον
994 1938 1042 2002 καί
1063 1938 1167 2019 φάους,
1190 1934 1277 2020 quod
1299 1958 1338 1998 ex

241 2034 438 2123 praecedente
459 2036 532 2119 φάει
552 2037 747 2125 intelligitur.
772 2039 937 2127 Aristoph.
955 2043 1018 2103 Av.
1033 2040 1104 2116 187.
1128 2037 1162 2100 ἐν
1181 2037 1264 2120 μέσῳ
1287 2037 1338 2115 δή·

241 2143 352 2202 πονθεν
374 2139 431 2220 ἀήρ
453 2142 517 2203 ἐστι
542 2144 596 2222 γῆς
620 2163 678 2226 pro
701 2145 756 2223 γῆς
777 2142 826 2206 καὶ
851 2143 978 2223 οὐρανοῦ
1001 2139 1119 2204 dictum
1145 2137 1338 2224 comparavit

243 2239 457 2305 Schwenkius.

241 2366 245 2376 ·
284 2344 337 2426 64.
352 2343 450 2429 μένει]
469 2353 490 2383 “
508 2346 548 2409 ln
563 2345 638 2409 MS.
655 2368 717 2410 non
739 2361 826 2410 extat
844 2345 912 2410 haec
926 2367 997 2410 vox.
1036 2347 1180 2408 Auratus
1193 2340 1269 2427 legit
1282 2342 1335 2420 μί·

240 2444 321 2512 νος.”
365 2447 482 2531 Margo
498 2448 541 2510 Is.
555 2445 665 2509 Vossii.

281 2549 457 2630 χρονίζοντα
481 2551 692 2613 Hermannus.
715 2548 877 2631 χρονίζοντ’
899 2550 971 2631 εύχη
986 2548 1035 2610 Μ.
1052 2544 1159 2610 Guelf.
1182 2558 1214 2608 et
1236 2544 1334 2609 codex

240 2648 373 2712 Robort.
395 2653 533 2732 χρονίζον
554 2636 645 2734 τεύχη
667 2650 742 2715 Ald.
766 2651 904 2733 χρονίζον
925 2648 949 2712 τ’
973 2648 1045 2734 εύχῆ
1065 2646 1149 2711 Rob.
1170 2646 1335 2729 χρονίζοντ’

238 2749 299 2832 ἄχη
321 2750 405 2815 Rob.
427 2774 466 2814 ex
488 2753 665 2838 conjectura
693 2752 841 2840 Sophiani
865 2767 897 2815 et
923 2750 1031 2836 Steph.
1078 2750 1158 2812 Vera
1185 2748 1335 2834 Sophiani

238 2848 414 2915 emendatio
435 2869 497 2916 est:
521 2877 586 2939 qua
608 2870 733 2942 recepta
755 2851 950 2918 scribendum
972 2852 1060 2931 βρύει
1080 2848 1242 2931 χρονίζονό
1262 2851 1334 2932 δχη,

237 2949 336 3036 ejecto
349 2952 533 3039 glossemate
546 2956 640 3036 μένει.
685 2958 737 3020 Ex
754 2979 818 3042 quo
837 2953 979 3039 sequitur
993 2949 1095 3013 versui
1109 2949 1267 3035 strophioo
1279 2971 1334 3035 52.

239 3055 421 3119 καλύπτουσι
449 3056 490 3120 ab
519 3056 688 3145 interprete
712 3057 832 3122 illatum
860 3053 906 3118 vel
933 3051 1135 3140 grammatico
1163 3049 1332 3115 dimetrum

236 3152 404 3218 iambicum
427 3159 621 3236 restituente,
637 3159 825 3246 AEschylum
846 3178 920 3221 vero
941 3153 1102 3242 trisyllabo
1124 3175 1214 3216 usum
1237 3157 1334 3220 verbo

237 3278 303 3320 esse
317 3290 339 3322 υ
352 3296 375 3306 -
387 3296 423 3323 -.
469 3263 615 3327 Ceterum
632 3265 691 3346 ἄχη
706 3260 899 3326 scholiastam
915 3281 1043 3344 quoque
1056 3255 1167 3343 legisse
1180 3278 1219 3319 ex
1236 3279 1333 3321 anno·

237 3357 354 3423 tatione
368 3363 436 3447 ejus
450 3379 589 3450 apparet,
606 3363 749 3450 quamvis
769 3362 871 3426 locum
888 3360 967 3425 male
982 3358 1185 3445 interpretati,
1201 3359 1219 3438 ἡ
1235 3360 1268 3421 δὲ
1281 3363 1333 3438 τῆς

237 3463 316 3542 δίκης
329 3464 406 3544 ῥοπὴ
420 3465 487 3532 τοὺς
500 3467 557 3545 μὲν
572 3468 730 3529 ἐπισκοπεῖ
741 3463 856 3549 ταχέας
870 3463 919 3527 καὶ
933 3463 1084 3542 ἀμύνεται·
1106 3462 1208 3526 ἄλλως
1224 3460 1331 3544 (scrib.

237 3563 356 3646 ἄλλων)
372 3568 404 3629 δὲ
420 3568 454 3629 ἐν
468 3568 631 3650 ἀμφιβόλῳ
647 3568 682 3650 ἐᾷ
697 3566 751 3646 τὴν
764 3566 915 3645 τιμωρίαν,
932 3565 984 3628 ούκ
1004 3565 1118 3644 ἀθρόαις
1136 3563 1240 3628 αὐτοὺς
1259 3564 1331 3642 ἀμν-

236 3665 356 3745 νομίνη,
379 3667 458 3730 ὥστε
479 3669 548 3735 τοὺς
569 3667 758 3747 ἠδικημένους
779 3665 826 3731 ὑπ’
850 3666 945 3729 αὐτῶν
966 3668 1135 3727 λυπεῖσθαι·
1165 3666 1277 3730 ἄλλους
1299 3664 1332 3726 δὲ

237 3770 343 3835 σκότος
358 3772 509 3843 καλύπτει,
525 3772 563 3837 ὡς
576 3768 642 3849 μηδ’
658 3770 784 3848 δρᾶσθαι
798 3766 845 3828 ὑπ’
862 3766 959 3842 αὐτῆς.

279 3872 332 3954 65.
355 3871 422 3937 τοὺς
444 3869 468 3935 δ’
491 3873 634 3951 ἄκραντος
656 3869 721 3950 ἔχει
742 3866 806 3951 νύξ]
830 3867 980 3950 Ineptum
1002 3879 1049 3927 est
1070 3865 1223 3944 ἄκραντος,
1243 3865 1329 3951 quod

233 3983 396 4056 utcunque
410 3971 627 4058 explicuerunt
642 3971 834 4054 interpretes.
880 3964 1051 4030 Scholiasta
1068 3966 1185 4047 (homo,
1201 3983 1237 4032 ut
1253 3969 1332 4031 But-

233 4069 299 4134 lero
315 4071 489 4147 videbatur,
506 4071 717 4153 Christianus)
732 4069 798 4132 ἀντὶ
812 4073 864 4131 τοῦ
879 4068 997 4134 αἰόνιος
1012 4067 1149 4134 θάνατος.
1188 4066 1330 4131 Scriben-

234 4171 310 4236 dum
332 4176 457 4256 ἄκρατος
475 4197 546 4239 cum
572 4169 746 4238 Schuetzio.
771 4170 876 4234 σκότος
898 4169 1034 4249 ἄκρατον,
1053 4168 1232 4255 oppositum
1254 4170 1332 4250 φωτὶ

232 4277 361 4362 βεβαίῳ,
375 4275 456 4340 dixit
471 4274 556 4340 Plnt.
572 4275 611 4337 V.
626 4273 765 4337 Niciae.
782 4288 832 4334 αι.

236 4416 239 4420 ’
274 4380 328 4442 66.
355 4376 464 4462 αἵματ’]
490 4374 658 4441 Notandus
682 4387 729 4438 est
753 4393 903 4439 numerus
928 4371 1065 4459 pluralis.
1092 4372 1229 4435 Eumen.
1255 4388 1328 4458 253.

239 4477 329 4560 Οσμῆ
349 4481 494 4560 βροτείαν
516 4476 646 4556 αίμότον
666 4501 703 4555 με
721 4477 886 4557 προσγελᾷ.
931 4473 1091 4537 Porsonus
1111 4472 1231 4536 oonsert
1253 4475 1326 4554 278.
