2984 5054
258 329 322 395 mn
620 329 997 394 ANNOTATIONES

303 514 396 585 1594.
419 503 457 564 τδ
477 501 533 580 μὲν
554 497 677 582 ποδήρη]
700 498 816 564 Partes
839 521 911 585 quae
933 499 977 562 ad
998 506 1152 562 ectrcmm
1169 498 1262 583 pedes
1288 501 1363 563 οἰκον

256 610 342 665 runt.
365 602 540 664 BLOMF.

300 701 415 786 κτένας]
432 702 531 769 κτένες
544 699 635 787 digiti
650 699 810 781 dicuntur,
826 700 902 786 quia
920 700 1001 764 inter
1023 722 1055 764 se
1076 697 1169 763 certia
1189 699 1361 763 intervallis

256 801 505 889 distinguuntur,
521 803 601 866 sicut
623 801 754 888 pectinis
774 802 935 868 denticuli.
959 801 1061 867 Schol.
1082 800 1194 868 κτένας.
1217 803 1271 869 τδς
1293 806 1357 865 δια-

256 902 377 969 στάσεις
391 908 450 966 τῶν
465 905 628 967 δακτύλων.
652 903 792 988 Hesych.
809 903 933 970 Κτένας.
954 904 1022 972 τοὺς
1035 908 1095 968 τῶν
1106 909 1215 986 χειρῶν
1228 905 1358 985 καρποὺς

257 1006 378 1069 καὶτῶν
393 1009 501 1070 ποδῶν.
526 1005 703 1070 BLOMF.

301 1122 394 1192 1595.
410 1106 743 1191 ἄνωθεν-καθήμενος]
758 1107 916 1194 Superius
934 1107 1118 1174 meantem
1134 1110 1263 1187 Atreus,
1278 1106 1312 1171 h.
1327 1131 1355 1171 e.

255 1206 296 1271 ad
327 1207 517 1294 superiorem
547 1223 669 1294 partem
698 1229 824 1286 mensae,
845 1207 901 1293 qui
926 1207 1013 1273 locua
1041 1222 1109 1274 erat
1138 1208 1355 1274 convivatoris.

254 1311 422 1376 Summum
438 1333 460 1372 s.
476 1312 512 1372 ιά-
527 1332 648 1374 ςιιπιπια
662 1311 840 1375 accumbere
853 1309 929 1375 dicit
946 1310 1089 1377 Plautus.
1113 1311 1258 1376 BOTH.

297 1411 454 1495 ἀνδρακὰς]
467 1411 528 1474 κατ’
541 1413 634 1492 ἄνδρα
647 1412 702 1476 ἕνα
717 1413 854 1488 ἕκαστον,
870 1412 1011 1500 Hesych.
1034 1411 1150 1499 Odyss.
1163 1417 1202 1475 N.
1218 1429 1266 1495 13.
1281 1408 1352 1477 ἀλλ’

254 1514 309 1596 ἄγε
330 1517 377 1578 fot
395 1518 491 1592 δῶμεν
511 1514 635 1594 τρίποδα
655 1513 752 1595 μέγαν
773 1513 808 1592 ἠέ
830 1514 947 1595 λέβητα
967 1512 1141 1596 Ἀνδρακᾶς.
1164 1510 1356 1594 Apollonius

253 1613 333 1677 hanc
362 1636 469 1678 vocem
498 1615 541 1678 ait
569 1637 635 1678 esse
663 1621 723 1678 τῶν
752 1615 830 1694 ἅπαξ
863 1614 1033 1697 εἰρημένων.
1089 1613 1156 1679 Alii
1186 1612 1355 1679 substanti-

255 1737 331 1779 vum
360 1739 426 1779 esse
450 1714 662 1792 crediderunt,
689 1717 844 1797 ἀνδρακὰς,
874 1716 1065 1798 ἀνδρακάδος.
1092 1714 1233 1802 Hesych.
1263 1717 1292 1778 ot
1321 1715 1354 1777 δὲ

252 1817 377 1896 μεριδες,
407 1820 517 1895 μοῖραι.
551 1812 684 1877 Nicand.
712 1815 810 1879 Ther.
835 1817 908 1895 642.
937 1822 996 1880 τῶν
1020 1817 1077 1895 μὲν
1107 1813 1155 1881 ἀπ’
1185 1811 1354 1894 ἀνδρακάδα

254 1917 410 1997 προταμὼν
433 1915 538 1995 ἰσήρεα
559 1922 727 1996 χραισμεῖν.
756 1916 877 1980 Suidnn.
899 1915 1073 1998 Ἀνδραιιᾶς.
1096 1917 1130 1981 τὸ
1153 1918 1228 1980 κατὰ
1248 1915 1353 1994 ἄνδρα.

253 2017 353 2099 χωρίς.
388 2020 533 2095 Κρατῖνος
559 2017 593 2078 έν
617 2019 785 2106 Βουκόλοις.
814 2017 848 2081 τὸ
871 2018 940 2081 ἴσον
967 2019 1014 2083 καὶ
1037 2019 1240 2097 ἀποκείμενον
1266 2021 1356 2080 καλεῖ

255 2119 445 2195 Θονκυδίδης.
467 2114 655 2198 ἢάνδρακάς·
681 2123 755 2182 κατὰ
775 2119 847 2183 δέκα
864 2119 980 2199 ἄνδρας.
1026 2117 1148 2183 Eadem
1170 2118 1236 2182 fere
1258 2116 1353 2181 habet

255 2221 335 2284 Lex.
353 2219 492 2304 Seguier.
508 2240 541 2305 p.
556 2238 630 2304 394.
660 2220 721 2285 Sed
737 2243 810 2285 casu
825 2219 962 2305 quodam
979 2219 1052 2284 satis
1067 2218 1199 2284 mirabili
1213 2217 1353 2282 confusia

253 2336 327 2386 sunt
340 2320 452 2409 glossae
473 2319 708 2387 diversissima:
733 2344 804 2386 nam
821 2343 911 2386 voces
931 2322 966 2386 τὸ
987 2321 1058 2386 ἴσον
1079 2321 1130 2385 καὶ
1148 2322 1353 2399 ἀντικείμενον

253 2429 343 2488 καλεῖ
366 2425 558 2504 Θουκυδίδης,
581 2423 635 2488 vix
661 2425 773 2491 dubito
798 2424 875 2511 quin
896 2424 938 2488 ad
962 2424 1274 2510 interpretamentum
1299 2424 1353 2484 τοῦ

253 2527 417 2591 ἀντίπαλον
432 2526 617 2614 pertineant,
632 2551 696 2613 qua
714 2551 790 2593 voce
811 2528 843 2592 in
865 2527 925 2592 isto
947 2549 1038 2592 sensu
1060 2525 1228 2612 saepissime
1251 2522 1353 2590 utitur

254 2626 470 2713 Thucydides.
488 2627 591 2693 Schol.
607 2628 648 2691 ad
660 2649 687 2705 1,
700 2648 733 2712 3.
755 2627 949 2693 Ἀντίπολον.
972 2630 1020 2692 καὶ
1034 2627 1068 2690 τὸ
1082 2627 1153 2691 ἴσον
1175 2627 1223 2690 καὶ
1244 2625 1278 2690 τὸ
1298 2650 1353 2691 πο·

252 2729 367 2808 λέμιαν.
392 2731 552 2793 ἀντίκειται
573 2732 632 2810 γὰρ
653 2733 694 2813 τῷ
712 2727 844 2810 Ἕλληνι
861 2732 877 2792 ὁ
892 2729 1057 2812 βάρβαρος.
1073 2729 1127 2795 ubi
1142 2729 1214 2795 vide
1227 2729 1353 2801 Wasee.

253 2830 431 2893 BLOMF.

299 2932 391 3014 1596.
430 2930 602 3010 καθήμενος.
641 2931 753 3016 ἄσημα]
784 2931 1028 2996 Emendandum
1059 2931 1222 3012 καθήμενος
1249 2927 1350 3009 ἄσημ’·

252 3028 367 3093 ὁδ’-.

299 3148 391 3217 1597.
420 3135 518 3215 βορδν
542 3133 797 3218 ἄσωτον-γένει]
829 3136 948 3199 Victum
976 3137 1033 3221 qui
1057 3135 1188 3222 gratari-t
1216 3132 1350 3196 saluum

252 3255 373 3298 omnem
385 3255 510 3320 pessum
526 3235 620 3299 dedit.
643 3235 819 3299 BLOMF.

298 3354 389 3419 1599.
406 3337 668 3416 ἀμπίπτει-ἐμῶν
685 3336 848 3399 Stanleius.
872 3337 918 3412 δν,
934 3338 1152 3417 πίπτει-ἐρῶν
1166 3334 1248 3401 libri.

297 3439 389 3502 1601.
412 3437 561 3517 λάκτισμα
583 3438 702 3501 δείπνου
724 3437 858 3523 pertinet
878 3436 918 3501 ad
940 3450 1126 3502 contemtam
1150 3450 1183 3501 ct
1203 3434 1349 3499 violatam

252 3537 378 3602 immani
392 3539 520 3604 crimine
534 3539 666 3603 convivii
682 3538 886 3604 sanctitatem.
910 3537 961 3603 Sic
975 3538 1168 3626 Lycophron
1181 3537 1222 3601 de
1234 3535 1350 3603 Paride

246 3639 302 3726 jus
316 3639 442 3728 hospitii
459 3640 593 3704 violante
607 3664 636 3703 v.
653 3655 725 3723 137.

467 3790 556 3867 έτλης
570 3794 646 3852 θεῶν
661 3789 781 3855 ἀλοιτὸς
797 3792 921 3869 ἐκβῆναι
936 3792 1018 3869 δίκην

467 3889 560 3967 λάξας
573 3889 727 3970 τράπεζαν.
774 3892 874 3955 SCH.

295 4044 385 4110 τιθεὶς
401 4043 473 4127 ἀρᾷ]
491 4043 585 4109 σιθεὶς
602 4044 654 4126 ἐρᾷ
670 4043 748 4107 Ven.

298 4145 390 4210 1602.
405 4145 532 4208 ὀλέσθαι
548 4146 714 4208 Porsonus.
738 4143 852 4224 ὀλέσθη
867 4143 947 4210 libri.

300 4247 391 4329 1605.
414 4244 485 4330 δέκ’]
503 4246 612 4332 Hujus
633 4247 755 4310 numeri
775 4247 1021 4333 magnitudinem
1036 4250 1166 4315 miratur
1180 4248 1350 4334 Emperius

250 4344 283 4407 in
306 4344 550 4409 Zimmermnnni
573 4347 683 4412 Diario
705 4371 733 4411 a.
748 4349 840 4432 1835.
856 4371 889 4435 p.
905 4350 978 4434 635.
1023 4351 1106 4415 Nam
1128 4350 1169 4415 ab
1186 4349 1255 4414 aliis
1273 4348 1349 4415 scri·

250 4447 394 4532 ptoribua
408 4445 488 4511 duos
502 4462 603 4512 tresve
619 4449 771 4537 Thyestae
786 4447 865 4513 filios
879 4449 984 4529 tribui,
1000 4472 1063 4515 non
1077 4450 1234 4519 tredecim.
