2984 5054
499 364 568 428 AD
590 366 888 433 EUMENIDES.
1179 373 1241 441 571

166 527 336 691 6φλογμός]
351 529 403 593 Dc
416 531 492 597 tolia
505 533 681 599 ardoribus.
719 536 796 600 Huc
809 536 924 602 referas
940 537 1067 603 Horatii
1082 538 1143 604 Od.
1158 559 1193 624 3,
1213 561 1243 620 1,

143 647 163 712 3
195 678 202 691 ·
400 734 512 800 ardore
524 759 611 802 nanc
623 758 726 826 aqtms

275 833 441 920 Culpam,
457 859 542 902 nunc
557 839 706 903 torrentia
720 861 820 928 agros

273 934 402 1016 Sidera,
418 959 502 1003 nunc
517 938 634 1005 hiemes
648 940 791 1028 iniquam

144 1082 176 1132 et
189 1069 266 1135 nn
283 1089 336 1158 23,
349 1089 383 1159 5·

275 1193 344 1256 Nec
358 1192 553 1279 pestilentem
569 1194 681 1260 sentiet
696 1195 841 1260 Africum

276 1294 427 1361 Fecunda
439 1297 521 1376 vitis,
537 1320 593 1362 nec
607 1297 740 1362 sterilem
757 1321 844 1386 seges

274 1396 478 1484 Rubiginem.
567 1399 758 1465 WAKEF.

190 1567 264 1628 941.
279 1550 390 1636 τόπων]
405 1552 498 1616 τόπον
512 1550 596 1616 Rob.

185 1670 259 1732 944.
289 1652 454 1718 εύθενοΰντ’
481 1653 685 1738 (εὐσθενοΰντ’
709 1652 785 1716 Ald.
823 1653 992 1716 εύθυνοῦντ’
1019 1652 1119 1736 Rob.)
1149 1654 1243 1739 ἄγαν]

148 1754 247 1817 Recte
261 1755 418 1821 Dobraeus
433 1757 611 1821 εὐθενοῦντα
620 1761 671 1837 γᾶ.
699 1758 865 1821 Commota
878 1768 950 1842 post
965 1755 1044 1835 ἄγον
1058 1768 1090 1819 et
1105 1756 1247 1837 ἐμβρύοις

145 1853 317 1920 deleantur.

188 1976 262 2042 945.
278 1965 428 2024 διπλοῖσιν
445 1958 611 2025 Stanleius.
634 1965 750 2028 διπλοῖς
764 1959 845 2025 libri.

190 2061 344 2148 ἐμβρύοις]
361 2063 395 2125 ἐν
408 2064 512 2143 βρύοις
527 2063 576 2126 Μ.

189 2163 265 2242 946.
287 2161 391 2247 γόνος]
414 2164 505 2227 Duas
525 2186 599 2250 quae
620 2162 804 2228 exciderunt
829 2162 963 2251 syllabas
984 2179 1069 2230 recte
1088 2165 1249 2253 supplevit

148 2262 360 2340 Hermannus,
379 2261 469 2344 γόνος
490 2266 524 2328 δέ
546 2270 610 2346 γᾶς,
634 2286 708 2350 quae
733 2265 828 2328 verba
852 2264 893 2327 de
915 2263 1152 2351 argentifodinis
1174 2277 1249 2328 sunt

147 2360 348 2448 intelligenda
370 2365 575 2430 Laurenticis.
620 2365 741 2429 Eodem
767 2379 886 2451 spectat
910 2367 997 2429 Pers.
1020 2366 1093 2451 238.
1119 2366 1249 2446 ἀργύρου

147 2465 227 2545 πηγή
248 2490 292 2532 τις
309 2467 407 2534 αὐτοῖς
422 2465 700 2550 (Atheniensibus)
725 2469 800 2540 ἐστι,
825 2466 974 2547 θησαυρὸς
1002 2464 1121 2551 χθονός.
1156 2463 1248 2548 γόνον

148 2569 254 2631 Turn.
268 2567 519 2655 interpunctione
534 2569 653 2634 Aldina
667 2582 738 2655 post
751 2566 842 2650 γόνος
857 2568 1017 2655 deceptus.

191 2672 265 2754 948.
280 2672 352 2758 τίοι]
369 2697 429 2736 τισι
443 2671 509 2735 sine
522 2684 651 2736 accentu
668 2670 746 2734 Ald.
770 2673 832 2734 τίσι
844 2670 929 2734 Rob.

190 2793 263 2858 949.
278 2777 395 2841 πόλεως
409 2773 567 2861 φρούριον]
589 2776 645 2838 Vos
659 2775 750 2838 urbis
763 2773 904 2837 mmmdcc
915 2781 944 2836 et
954 2772 1118 2859 proeaidm.
1147 2772 1248 2834 Areo·

147 2897 264 2961 pagum
280 2875 460 2963 alloquitur.
486 2878 586 2942 scH.

190 2995 265 3063 950.
282 2980 335 3062 οἷ’]
353 2981 402 3043 ola
417 2979 468 3042 M.
484 2977 593 3043 Guelf.
609 2977 686 3041 Ald.

191 3081 352 3160 ἐπικραίνει
366 3079 523 3144 PauwiuS.
547 3083 700 3162 ἐπικρονεῖ
711 3079 800 3144 libri:
825 3076 912 3163 quod
926 3074 1053 3140 defendi
1069 3088 1182 3162 potest.
1210 3076 1249 3139 V.

146 3181 186 3244 ad
203 3183 319 3267 Agam.
335 3200 428 3265 1340.

189 3286 248 3364 γὰρ
263 3305 325 3345 om.
342 3281 427 3346 Rob.

192 3402 265 3468 951.
277 3384 408 3467 Ἐρινὺς]
426 3381 560 3465 Ἐριννὺς
574 3381 653 3447 Ald.
670 3383 776 3446 Turn.

192 3504 266 3569 954.
282 3484 425 3570 δακρύειν]
441 3484 535 3566 κρύον
550 3484 600 3547 Μ.
618 3485 692 3548 Par.
708 3479 816 3547 Guelf.
833 3480 919 3546 Rob.

191 3586 590 3671 95⁶-9⁶7=97⁶-987·

192 3691 266 3776 956.
289 3705 364 3774 957.
387 3701 419 3754 et
442 3691 516 3773 961.
535 3690 609 3772 962.
636 3683 858 3773 conjungendi,
877 3695 910 3747 et
934 3678 1149 3769 antistrophici
1175 3684 1248 3765 976.

149 3810 222 3876 977·
239 3793 311 3876 98¹·
328 3791 400 3875 982·

192 3896 266 3979 956.
282 3893 405 3978 ἆύρονς]
420 3893 526 3973 ἆιόροις
540 3889 623 3954 Rob.

191 3998 265 4079 960.
288 3996 366 4058 Post
388 3995 509 4078 ἔχοντες
529 4012 651 4057 comma
673 4003 818 4077 ponatur.
841 3989 914 4070 κύρι’
930 3988 1053 4072 ἔχοντες
1074 3986 1118 4051 dii
1137 3985 1250 4053 iutelli-

147 4114 268 4182 guntur
282 4095 463 4183 nuptiarum
478 4094 635 4182 praesides.

192 4201 266 4282 961.
289 4201 366 4278 θεοὶ,
380 4198 451 4284 τόν]
470 4195 677 4262 Scribendum
693 4196 761 4260 θεαί
774 4194 800 4257 τ’
814 4191 838 4257 ὦ
853 4214 924 4257 cum
942 4191 1138 4256 Hermanno.
1162 4191 1249 4274 ἔχον-

149 4325 197 4367 τες
211 4301 275 4364 θεοὶ
290 4302 337 4364 soi
353 4305 466 4383 Μοῖραι
480 4301 639 4364 Butlerus.

193 4404 266 4486 962.
289 4401 574 4487 ματροκασιγνῆται]
593 4399 699 4463 “Nox
714 4397 797 4461 enim
812 4410 845 4461 et
858 4395 1076 4459 Eumenidum
1087 4406 1120 4458 et
1133 4393 1252 4456 Porcu-

149 4527 222 4569 νυνι
236 4517 345 4568 mater.
370 4501 531 4566 Hesiodus
543 4498 584 4563 de
599 4500 699 4563 Nocte
714 4498 840 4583 Theog.
857 4512 938 4579 217:

655 4618 677 4680 4
693 4621 710 4664 c
729 4618 747 4665 2
