<?xml version="1.0" encoding="UTF-8"?>
<!DOCTYPE html PUBLIC "-//W3C//DTD XHTML 1.0 Transitional//EN"
    "http://www.w3.org/TR/xhtml1/DTD/xhtml1-transitional.dtd">
<html xmlns="http://www.w3.org/1999/xhtml" xml:lang="en" lang="en">
 <head>
  <title>
</title>
<meta http-equiv="Content-Type" content="text/html;charset=utf-8" />
  <meta name='ocr-system' content='tesseract 3.04.00' />
  <meta name='ocr-capabilities' content='ocr_page ocr_carea ocr_par ocr_line ocrx_word'/>
</head>
<body>
  <div class='ocr_page' id='page_1' title='image "./tragoediaesuper01aescgoog_0102.png"; bbox 0 0 2984 5054; ppageno 0'>
   <div class='ocr_carea' id='block_1_1' title="bbox 453 354 1249 420">
    <p class='ocr_par' dir='ltr' id='par_1_1' title="bbox 453 354 1249 420">
     <span class='ocr_line' id='line_1_1' title="bbox 453 354 1249 420; baseline 0.004 -4"><span class='ocrx_word' id='word_1_1' title='bbox 453 354 521 416; x_wconf 79' lang='lat' dir='ltr'>AD</span> <span class='ocrx_word' id='word_1_2' title='bbox 545 354 949 418; x_wconf 86' lang='lat' dir='ltr'>AGAMEMNONEM.</span> <span class='ocrx_word' id='word_1_3' title='bbox 1187 355 1249 420; x_wconf 73' lang='lat' dir='ltr'>ael</span> 
     </span>
    </p>
   </div>
   <div class='ocr_carea' id='block_1_2' title="bbox 100 522 1252 4382">
    <p class='ocr_par' dir='ltr' id='par_1_2' title="bbox 151 522 1252 816">
     <span class='ocr_line' id='line_1_2' title="bbox 151 522 1252 611; baseline 0.005 -27"><span class='ocrx_word' id='word_1_4' title='bbox 151 541 207 584; x_wconf 85' lang='lat' dir='ltr'>cor</span> <span class='ocrx_word' id='word_1_5' title='bbox 218 523 357 608; x_wconf 60' lang='lat' dir='ltr'>angitur</span> <span class='ocrx_word' id='word_1_6' title='bbox 370 543 504 587; x_wconf 78' lang='lat' dir='ltr'>euersas.</span> <span class='ocrx_word' id='word_1_7' title='bbox 520 539 556 588; x_wconf 92' lang='lat' dir='ltr'>ut</span> <span class='ocrx_word' id='word_1_8' title='bbox 571 522 611 587; x_wconf 85' lang='lat' dir='ltr'>sit</span> <span class='ocrx_word' id='word_1_9' title='bbox 627 525 817 610; x_wconf 82' lang='lat' dir='ltr'>comparatio</span> <span class='ocrx_word' id='word_1_10' title='bbox 836 525 988 589; x_wconf 86' lang='lat' dir='ltr'>malorum</span> <span class='ocrx_word' id='word_1_11' title='bbox 1010 545 1084 611; x_wconf 83' lang='lat' dir='ltr'>quae</span> <span class='ocrx_word' id='word_1_12' title='bbox 1100 527 1201 588; x_wconf 85' lang='lat' dir='ltr'>Atreo</span> <span class='ocrx_word' id='word_1_13' title='bbox 1220 537 1252 589; x_wconf 90' lang='lat' dir='ltr'>et</span> 
     </span>
     <span class='ocr_line' id='line_1_3' title="bbox 153 623 1252 714; baseline 0.005 -28"><span class='ocrx_word' id='word_1_14' title='bbox 153 623 307 711; x_wconf 85' lang='lat' dir='ltr'>Thyestae</span> <span class='ocrx_word' id='word_1_15' title='bbox 322 624 408 688; x_wconf 82' lang='lat' dir='ltr'>illata</span> <span class='ocrx_word' id='word_1_16' title='bbox 422 639 505 704; x_wconf 91' lang='lat' dir='ltr'>sunt,</span> <span class='ocrx_word' id='word_1_17' title='bbox 520 648 591 689; x_wconf 89' lang='lat' dir='ltr'>cum</span> <span class='ocrx_word' id='word_1_18' title='bbox 607 626 644 690; x_wconf 91' lang='lat' dir='ltr'>iis</span> <span class='ocrx_word' id='word_1_19' title='bbox 658 649 732 713; x_wconf 86' lang='lat' dir='ltr'>quae</span> <span class='ocrx_word' id='word_1_20' title='bbox 751 649 808 714; x_wconf 86' lang='lat' dir='ltr'>per</span> <span class='ocrx_word' id='word_1_21' title='bbox 823 627 978 692; x_wconf 85' lang='lat' dir='ltr'>Helenam</span> <span class='ocrx_word' id='word_1_22' title='bbox 999 644 1031 692; x_wconf 91' lang='lat' dir='ltr'>et</span> <span class='ocrx_word' id='word_1_23' title='bbox 1046 626 1252 714; x_wconf 73' lang='lat' dir='ltr'>Clytaemnes·</span> 
     </span>
     <span class='ocr_line' id='line_1_4' title="bbox 152 727 1110 816; baseline 0.004 -26"><span class='ocrx_word' id='word_1_24' title='bbox 152 739 233 790; x_wconf 89' lang='lat' dir='ltr'>tram</span> <span class='ocrx_word' id='word_1_25' title='bbox 249 727 397 792; x_wconf 79' lang='lat' dir='ltr'>Menelao</span> <span class='ocrx_word' id='word_1_26' title='bbox 411 741 443 792; x_wconf 87' lang='lat' dir='ltr'>et</span> <span class='ocrx_word' id='word_1_27' title='bbox 457 728 687 814; x_wconf 81' lang='lat' dir='ltr'>Agamemnoni</span> <span class='ocrx_word' id='word_1_28' title='bbox 702 732 909 816; x_wconf 87' lang='lat' dir='ltr'>contigerunt.</span> <span class='ocrx_word' id='word_1_29' title='bbox 934 730 1110 794; x_wconf 83' lang='lat' dir='ltr'>BLOMF.</span> 
     </span>
    </p>

    <p class='ocr_par' dir='ltr' id='par_1_3' title="bbox 199 829 1076 917">
     <span class='ocr_line' id='line_1_5' title="bbox 199 829 1076 917; baseline 0.005 -25"><span class='ocrx_word' id='word_1_30' title='bbox 199 848 292 911; x_wconf 88' lang='lat'>1471.</span> <span class='ocrx_word' id='word_1_31' title='bbox 309 831 515 911; x_wconf 78' lang='grc' dir='ltr'>καρδιόδηκτον</span> <span class='ocrx_word' id='word_1_32' title='bbox 529 829 735 895; x_wconf 87' lang='lat' dir='ltr'>Abreschius.</span> <span class='ocrx_word' id='word_1_33' title='bbox 757 832 861 917; x_wconf 75' lang='grc' dir='ltr'>καρδίᾳ</span> <span class='ocrx_word' id='word_1_34' title='bbox 875 832 980 911; x_wconf 83' lang='grc' dir='ltr'>δηκτδν</span> <span class='ocrx_word' id='word_1_35' title='bbox 994 830 1076 896; x_wconf 84' lang='lat' dir='ltr'>libri.</span> 
     </span>
    </p>

    <p class='ocr_par' dir='ltr' id='par_1_4' title="bbox 149 931 1251 1531">
     <span class='ocr_line' id='line_1_6' title="bbox 199 931 1249 1020; baseline 0.003 -25"><span class='ocrx_word' id='word_1_36' title='bbox 199 947 293 1013; x_wconf 83' lang='lat'>1472.</span> <span class='ocrx_word' id='word_1_37' title='bbox 317 933 366 995; x_wconf 76' lang='grc' dir='ltr'>ἐπὶ</span> <span class='ocrx_word' id='word_1_38' title='bbox 387 935 421 996; x_wconf 76' lang='grc' dir='ltr'>δὲ</span> <span class='ocrx_word' id='word_1_39' title='bbox 442 931 591 1018; x_wconf 74' lang='grc' dir='ltr'>σώματος]</span> <span class='ocrx_word' id='word_1_40' title='bbox 614 934 737 1020; x_wconf 87' lang='lat' dir='ltr'><strong>Nempe</strong></span> <span class='ocrx_word' id='word_1_41' title='bbox 751 933 999 1020; x_wconf 84' lang='lat' dir='ltr'>Agamemnonis</span> <span class='ocrx_word' id='word_1_42' title='bbox 1019 933 1163 1010; x_wconf 85' lang='lat' dir='ltr'>cadaver,</span> <span class='ocrx_word' id='word_1_43' title='bbox 1176 957 1249 998; x_wconf 86' lang='lat' dir='ltr'>cum</span> 
     </span>
     <span class='ocr_line' id='line_1_7' title="bbox 151 1032 1251 1122; baseline 0.004 -28"><span class='ocrx_word' id='word_1_44' title='bbox 151 1055 183 1094; x_wconf 86' lang='lat' dir='ltr'>v.</span> <span class='ocrx_word' id='word_1_45' title='bbox 212 1051 304 1113; x_wconf 89' lang='lat'>1404.</span> <span class='ocrx_word' id='word_1_46' title='bbox 330 1032 595 1119; x_wconf 81' lang='lat' dir='ltr'>pronuntiaretur,</span> <span class='ocrx_word' id='word_1_47' title='bbox 617 1034 649 1097; x_wconf 92' lang='lat' dir='ltr'>in</span> <span class='ocrx_word' id='word_1_48' title='bbox 672 1058 794 1100; x_wconf 80' lang='lat' dir='ltr'>scenam</span> <span class='ocrx_word' id='word_1_49' title='bbox 817 1035 938 1100; x_wconf 88' lang='lat' dir='ltr'>illatum</span> <span class='ocrx_word' id='word_1_50' title='bbox 965 1048 1040 1114; x_wconf 89' lang='lat' dir='ltr'>erat,</span> <span class='ocrx_word' id='word_1_51' title='bbox 1067 1058 1163 1122; x_wconf 90' lang='lat' dir='ltr'>super</span> <span class='ocrx_word' id='word_1_52' title='bbox 1185 1058 1251 1121; x_wconf 93' lang='lat' dir='ltr'>quo</span> 
     </span>
     <span class='ocr_line' id='line_1_8' title="bbox 154 1133 1250 1225; baseline 0.002 -28"><span class='ocrx_word' id='word_1_53' title='bbox 154 1133 393 1219; x_wconf 76' lang='lat' dir='ltr'>Clytaemnestra</span> <span class='ocrx_word' id='word_1_54' title='bbox 407 1135 509 1199; x_wconf 88' lang='lat' dir='ltr'>stabat</span> <span class='ocrx_word' id='word_1_55' title='bbox 523 1137 691 1201; x_wconf 85' lang='lat' dir='ltr'>exsultans.</span> <span class='ocrx_word' id='word_1_56' title='bbox 737 1139 851 1225; x_wconf 81' lang='lat' dir='ltr'>Itaque</span> <span class='ocrx_word' id='word_1_57' title='bbox 862 1138 1042 1202; x_wconf 84' lang='lat' dir='ltr'>concinnius</span> <span class='ocrx_word' id='word_1_58' title='bbox 1056 1150 1103 1202; x_wconf 88' lang='lat' dir='ltr'>est</span> <span class='ocrx_word' id='word_1_59' title='bbox 1113 1141 1250 1202; x_wconf 82' lang='grc' dir='ltr'>σταθεῖσ’</span> 
     </span>
     <span class='ocr_line' id='line_1_9' title="bbox 152 1232 1251 1327; baseline 0.008 -30"><span class='ocrx_word' id='word_1_60' title='bbox 152 1232 264 1320; x_wconf 88' lang='lat' dir='ltr'>legere.</span> <span class='ocrx_word' id='word_1_61' title='bbox 309 1239 416 1324; x_wconf 84' lang='lat' dir='ltr'>Super</span> <span class='ocrx_word' id='word_1_62' title='bbox 429 1237 581 1302; x_wconf 82' lang='lat' dir='ltr'>cadauere</span> <span class='ocrx_word' id='word_1_63' title='bbox 595 1249 699 1304; x_wconf 83' lang='lat' dir='ltr'>autem</span> <span class='ocrx_word' id='word_1_64' title='bbox 719 1240 777 1304; x_wconf 76' lang='lat' dir='ltr'>illo</span> <span class='ocrx_word' id='word_1_65' title='bbox 797 1243 903 1304; x_wconf 75' lang='lat' dir='ltr'>instar</span> <span class='ocrx_word' id='word_1_66' title='bbox 922 1241 1033 1327; x_wconf 74' lang='lat' dir='ltr'>usfmti</span> <span class='ocrx_word' id='word_1_67' title='bbox 1053 1243 1141 1305; x_wconf 86' lang='lat' dir='ltr'>curui</span> <span class='ocrx_word' id='word_1_68' title='bbox 1159 1249 1251 1306; x_wconf 77' lang='lat' dir='ltr'>stans</span> 
     </span>
     <span class='ocr_line' id='line_1_10' title="bbox 149 1340 1250 1430; baseline 0.006 -30"><span class='ocrx_word' id='word_1_69' title='bbox 149 1340 344 1424; x_wconf 77' lang='lat' dir='ltr'>preterfos,</span> <span class='ocrx_word' id='word_1_70' title='bbox 355 1342 450 1404; x_wconf 72' lang='lat' dir='ltr'>etiam</span> <span class='ocrx_word' id='word_1_71' title='bbox 464 1340 615 1426; x_wconf 72' lang='lat' dir='ltr'>hymnum</span> <span class='ocrx_word' id='word_1_72' title='bbox 629 1363 663 1405; x_wconf 88' lang='lat' dir='ltr'>se</span> <span class='ocrx_word' id='word_1_73' title='bbox 676 1351 877 1407; x_wconf 76' lang='lat' dir='ltr'>cantaturam</span> <span class='ocrx_word' id='word_1_74' title='bbox 886 1343 923 1408; x_wconf 87' lang='grc' dir='ltr'>οδ</span> <span class='ocrx_word' id='word_1_75' title='bbox 934 1343 1061 1419; x_wconf 76' lang='lat' dir='ltr'>eredens,</span> <span class='ocrx_word' id='word_1_76' title='bbox 1073 1343 1250 1430; x_wconf 69' lang='lat' dir='ltr'>ghristur.</span> 
     </span>
     <span class='ocr_line' id='line_1_11' title="bbox 153 1439 1249 1531; baseline 0.006 -29"><span class='ocrx_word' id='word_1_77' title='bbox 153 1439 314 1503; x_wconf 87' lang='lat' dir='ltr'>Succurrit</span> <span class='ocrx_word' id='word_1_78' title='bbox 330 1441 476 1505; x_wconf 88' lang='lat' dir='ltr'>nimirum</span> <span class='ocrx_word' id='word_1_79' title='bbox 492 1442 588 1505; x_wconf 86' lang='lat' dir='ltr'>choro</span> <span class='ocrx_word' id='word_1_80' title='bbox 599 1442 677 1507; x_wconf 92' lang='lat' dir='ltr'>illud</span> <span class='ocrx_word' id='word_1_81' title='bbox 690 1443 939 1531; x_wconf 85' lang='lat' dir='ltr'>Clytaemnestrae</span> <span class='ocrx_word' id='word_1_82' title='bbox 954 1444 1090 1510; x_wconf 88' lang='lat' dir='ltr'>dietum:</span> <span class='ocrx_word' id='word_1_83' title='bbox 1114 1467 1143 1510; x_wconf 90' lang='lat' dir='ltr'>v.</span> <span class='ocrx_word' id='word_1_84' title='bbox 1156 1464 1249 1531; x_wconf 85' lang='lat'>1393.</span> 
     </span>
    </p>

    <p class='ocr_par' dir='ltr' id='par_1_5' title="bbox 323 1541 1001 1628">
     <span class='ocr_line' id='line_1_12' title="bbox 323 1541 1001 1628; baseline 0.007 -22"><span class='ocrx_word' id='word_1_85' title='bbox 323 1541 380 1610; x_wconf 85' lang='grc' dir='ltr'>Ὡς</span> <span class='ocrx_word' id='word_1_86' title='bbox 395 1542 442 1607; x_wconf 82' lang='grc' dir='ltr'>ὧδ’</span> <span class='ocrx_word' id='word_1_87' title='bbox 459 1546 600 1627; x_wconf 73' lang='grc' dir='ltr'>ἐχόντων,</span> <span class='ocrx_word' id='word_1_88' title='bbox 616 1544 750 1626; x_wconf 85' lang='grc' dir='ltr'>πρέσβος</span> <span class='ocrx_word' id='word_1_89' title='bbox 763 1544 909 1628; x_wconf 79' lang='grc' dir='ltr'>Ἀργείων</span> <span class='ocrx_word' id='word_1_90' title='bbox 924 1549 1001 1621; x_wconf 84' lang='grc' dir='ltr'>τόδε,</span> 
     </span>
    </p>

    <p class='ocr_par' dir='ltr' id='par_1_6' title="bbox 100 1646 1249 2017">
     <span class='ocr_line' id='line_1_13' title="bbox 324 1646 1008 1731; baseline 0.004 -23"><span class='ocrx_word' id='word_1_91' title='bbox 324 1648 447 1729; x_wconf 83' lang='grc' dir='ltr'>χαίροιτ’</span> <span class='ocrx_word' id='word_1_92' title='bbox 463 1647 510 1721; x_wconf 84' lang='grc' dir='ltr'>δν,</span> <span class='ocrx_word' id='word_1_93' title='bbox 528 1649 555 1710; x_wconf 79' lang='grc' dir='ltr'>εἰ</span> <span class='ocrx_word' id='word_1_94' title='bbox 570 1647 704 1729; x_wconf 81' lang='grc' dir='ltr'>χαίροιτ’,</span> <span class='ocrx_word' id='word_1_95' title='bbox 721 1649 781 1730; x_wconf 63' lang='lat' dir='ltr'>ayt</span> <span class='ocrx_word' id='word_1_96' title='bbox 795 1646 820 1711; x_wconf 88' lang='grc' dir='ltr'>δ’</span> <span class='ocrx_word' id='word_1_97' title='bbox 837 1649 1008 1731; x_wconf 72' lang='grc' dir='ltr'>ἐπεύχομαι.</span> 
     </span>
     <span class='ocr_line' id='line_1_14' title="bbox 100 1746 1246 1837; baseline 0.004 -28"><span class='ocrx_word' id='word_1_98' title='bbox 100 1770 102 1774; x_wconf 59' lang='grc'><strong>“</strong></span> <span class='ocrx_word' id='word_1_99' title='bbox 152 1746 291 1833; x_wconf 87' lang='lat' dir='ltr'>Egregie</span> <span class='ocrx_word' id='word_1_100' title='bbox 311 1761 416 1812; x_wconf 89' lang='lat' dir='ltr'>autem</span> <span class='ocrx_word' id='word_1_101' title='bbox 439 1748 651 1813; x_wconf 86' lang='lat' dir='ltr'>scelestissima</span> <span class='ocrx_word' id='word_1_102' title='bbox 677 1749 788 1813; x_wconf 89' lang='lat' dir='ltr'>mulier</span> <span class='ocrx_word' id='word_1_103' title='bbox 810 1765 1009 1837; x_wconf 86' lang='lat' dir='ltr'>comparatur</span> <span class='ocrx_word' id='word_1_104' title='bbox 1030 1772 1101 1813; x_wconf 90' lang='lat' dir='ltr'>cum</span> <span class='ocrx_word' id='word_1_105' title='bbox 1125 1749 1246 1823; x_wconf 65' lang='lat' dir='ltr'>corvist</span> 
     </span>
     <span class='ocr_line' id='line_1_15' title="bbox 151 1847 1249 1939; baseline 0.006 -29"><span class='ocrx_word' id='word_1_106' title='bbox 151 1847 185 1911; x_wconf 90' lang='lat' dir='ltr'>hi</span> <span class='ocrx_word' id='word_1_107' title='bbox 210 1850 293 1914; x_wconf 90' lang='lat' dir='ltr'>enim</span> <span class='ocrx_word' id='word_1_108' title='bbox 319 1873 400 1938; x_wconf 82' lang='lat' dir='ltr'>saepe</span> <span class='ocrx_word' id='word_1_109' title='bbox 421 1851 498 1915; x_wconf 92' lang='lat' dir='ltr'>dum</span> <span class='ocrx_word' id='word_1_110' title='bbox 520 1850 723 1917; x_wconf 86' lang='lat' dir='ltr'>cadaveribus</span> <span class='ocrx_word' id='word_1_111' title='bbox 746 1866 928 1939; x_wconf 85' lang='lat' dir='ltr'>pascuntur,</span> <span class='ocrx_word' id='word_1_112' title='bbox 950 1850 1006 1915; x_wconf 84' lang='lat' dir='ltr'>alis</span> <span class='ocrx_word' id='word_1_113' title='bbox 1031 1849 1194 1938; x_wconf 84' lang='lat' dir='ltr'>clangunt,</span> <span class='ocrx_word' id='word_1_114' title='bbox 1217 1867 1249 1917; x_wconf 90' lang='lat' dir='ltr'>et</span> 
     </span>
     <span class='ocr_line' id='line_1_16' title="bbox 151 1953 633 2017; baseline 0.004 -3"><span class='ocrx_word' id='word_1_115' title='bbox 151 1973 247 2015; x_wconf 84' lang='lat' dir='ltr'>rauca</span> <span class='ocrx_word' id='word_1_116' title='bbox 260 1974 335 2016; x_wconf 88' lang='lat' dir='ltr'>voce</span> <span class='ocrx_word' id='word_1_117' title='bbox 349 1953 507 2017; x_wconf 87' lang='lat' dir='ltr'>crocitant.</span> <span class='ocrx_word' id='word_1_118' title='bbox 533 1954 633 2017; x_wconf 88' lang='lat' dir='ltr'>SCH.</span> 
     </span>
    </p>

    <p class='ocr_par' dir='ltr' id='par_1_7' title="bbox 152 2053 1248 2243">
     <span class='ocr_line' id='line_1_17' title="bbox 193 2053 1248 2140; baseline 0.003 -23"><span class='ocrx_word' id='word_1_119' title='bbox 193 2055 278 2118; x_wconf 86' lang='grc' dir='ltr'>δίκαν</span> <span class='ocrx_word' id='word_1_120' title='bbox 291 2080 341 2133; x_wconf 86' lang='grc' dir='ltr'>μοι</span> <span class='ocrx_word' id='word_1_121' title='bbox 357 2054 489 2139; x_wconf 86' lang='grc' dir='ltr'>κόρακος]</span> <span class='ocrx_word' id='word_1_122' title='bbox 506 2053 624 2118; x_wconf 89' lang='lat' dir='ltr'>Inutile</span> <span class='ocrx_word' id='word_1_123' title='bbox 646 2076 703 2118; x_wconf 89' lang='lat' dir='ltr'>nec</span> <span class='ocrx_word' id='word_1_124' title='bbox 725 2055 798 2119; x_wconf 88' lang='lat' dir='ltr'>satis</span> <span class='ocrx_word' id='word_1_125' title='bbox 819 2071 893 2140; x_wconf 88' lang='lat' dir='ltr'>apte</span> <span class='ocrx_word' id='word_1_126' title='bbox 914 2055 1097 2120; x_wconf 81' lang='lat' dir='ltr'>collocatum</span> <span class='ocrx_word' id='word_1_127' title='bbox 1119 2069 1166 2120; x_wconf 89' lang='lat' dir='ltr'>est</span> <span class='ocrx_word' id='word_1_128' title='bbox 1187 2082 1248 2136; x_wconf 91' lang='grc' dir='ltr'>μοι.</span> 
     </span>
     <span class='ocr_line' id='line_1_18' title="bbox 152 2154 1231 2243; baseline 0.004 -25"><span class='ocrx_word' id='word_1_129' title='bbox 152 2154 245 2232; x_wconf 83' lang='lat' dir='ltr'>Quod</span> <span class='ocrx_word' id='word_1_130' title='bbox 261 2155 287 2219; x_wconf 89' lang='lat' dir='ltr'>si</span> <span class='ocrx_word' id='word_1_131' title='bbox 300 2155 451 2235; x_wconf 88' lang='lat' dir='ltr'>deleatur,</span> <span class='ocrx_word' id='word_1_132' title='bbox 466 2155 498 2218; x_wconf 94' lang='lat' dir='ltr'>in</span> <span class='ocrx_word' id='word_1_133' title='bbox 514 2178 605 2219; x_wconf 87' lang='lat' dir='ltr'>versu</span> <span class='ocrx_word' id='word_1_134' title='bbox 621 2156 886 2242; x_wconf 81' lang='lat' dir='ltr'>stropbieo1452.</span> <span class='ocrx_word' id='word_1_135' title='bbox 902 2158 949 2221; x_wconf 79' lang='grc' dir='ltr'>καὶ</span> <span class='ocrx_word' id='word_1_136' title='bbox 963 2157 1149 2243; x_wconf 86' lang='lat' dir='ltr'>ejiciendum</span> <span class='ocrx_word' id='word_1_137' title='bbox 1164 2157 1231 2222; x_wconf 86' lang='lat' dir='ltr'>erit.</span> 
     </span>
    </p>

    <p class='ocr_par' dir='ltr' id='par_1_8' title="bbox 197 2257 1023 2344">
     <span class='ocr_line' id='line_1_19' title="bbox 197 2257 1023 2344; baseline 0.001 -23"><span class='ocrx_word' id='word_1_138' title='bbox 197 2273 291 2342; x_wconf 77' lang='lat'>1473.</span> <span class='ocrx_word' id='word_1_139' title='bbox 306 2257 438 2323; x_wconf 83' lang='grc' dir='ltr'>οταθεῖο’</span> <span class='ocrx_word' id='word_1_140' title='bbox 456 2257 651 2322; x_wconf 86' lang='lat' dir='ltr'>Schuetzius.</span> <span class='ocrx_word' id='word_1_141' title='bbox 696 2258 880 2344; x_wconf 88' lang='lat' dir='ltr'>Legebatur</span> <span class='ocrx_word' id='word_1_142' title='bbox 893 2261 1001 2324; x_wconf 86' lang='grc' dir='ltr'>σταθεί</span> <span class='ocrx_word' id='word_1_143' title='bbox 1015 2305 1023 2322; x_wconf 93' lang='grc'>.</span> 
     </span>
    </p>

    <p class='ocr_par' dir='ltr' id='par_1_9' title="bbox 194 2359 636 2446">
     <span class='ocr_line' id='line_1_20' title="bbox 194 2359 636 2446; baseline 0 -23"><span class='ocrx_word' id='word_1_144' title='bbox 194 2359 337 2446; x_wconf 73' lang='grc' dir='ltr'>ἐκνόμως]</span> <span class='ocrx_word' id='word_1_145' title='bbox 353 2362 477 2442; x_wconf 79' lang='grc' dir='ltr'>ἔννομος</span> <span class='ocrx_word' id='word_1_146' title='bbox 491 2359 543 2426; x_wconf 89' lang='lat' dir='ltr'>Fl.</span> <span class='ocrx_word' id='word_1_147' title='bbox 558 2362 636 2424; x_wconf 86' lang='lat' dir='ltr'>Veo.</span> 
     </span>
    </p>

    <p class='ocr_par' dir='ltr' id='par_1_10' title="bbox 147 2461 1249 2652">
     <span class='ocr_line' id='line_1_21' title="bbox 200 2461 1249 2551; baseline 0.004 -25"><span class='ocrx_word' id='word_1_148' title='bbox 200 2480 290 2545; x_wconf 87' lang='lat'>1474.</span> <span class='ocrx_word' id='word_1_149' title='bbox 320 2463 407 2527; x_wconf 89' lang='lat' dir='ltr'>Ante</span> <span class='ocrx_word' id='word_1_150' title='bbox 433 2464 591 2546; x_wconf 77' lang='grc' dir='ltr'>ἐπεύχεται</span> <span class='ocrx_word' id='word_1_151' title='bbox 615 2461 664 2527; x_wconf 91' lang='lat' dir='ltr'>vel</span> <span class='ocrx_word' id='word_1_152' title='bbox 690 2475 760 2548; x_wconf 85' lang='lat' dir='ltr'>post</span> <span class='ocrx_word' id='word_1_153' title='bbox 785 2462 845 2527; x_wconf 85' lang='lat' dir='ltr'>hoo</span> <span class='ocrx_word' id='word_1_154' title='bbox 868 2462 998 2528; x_wconf 88' lang='lat' dir='ltr'>verbum</span> <span class='ocrx_word' id='word_1_155' title='bbox 1022 2464 1097 2529; x_wconf 87' lang='lat' dir='ltr'>duae</span> <span class='ocrx_word' id='word_1_156' title='bbox 1120 2464 1249 2551; x_wconf 80' lang='lat' dir='ltr'>syllabae</span> 
     </span>
     <span class='ocr_line' id='line_1_22' title="bbox 147 2565 1092 2652; baseline 0.002 -23"><span class='ocrx_word' id='word_1_157' title='bbox 147 2565 343 2630; x_wconf 84' lang='lat' dir='ltr'>exciderunt.</span> <span class='ocrx_word' id='word_1_158' title='bbox 366 2567 465 2644; x_wconf 86' lang='grc' dir='ltr'>δόμοις</span> <span class='ocrx_word' id='word_1_159' title='bbox 478 2565 609 2651; x_wconf 86' lang='lat' dir='ltr'>conjecit</span> <span class='ocrx_word' id='word_1_160' title='bbox 624 2565 785 2646; x_wconf 93' lang='lat' dir='ltr'>Butlerus,</span> <span class='ocrx_word' id='word_1_161' title='bbox 799 2569 883 2652; x_wconf 77' lang='grc' dir='ltr'>φόνῳ</span> <span class='ocrx_word' id='word_1_162' title='bbox 899 2566 1092 2632; x_wconf 84' lang='lat' dir='ltr'>Scbuetzius.</span> 
     </span>
    </p>

    <p class='ocr_par' dir='ltr' id='par_1_11' title="bbox 156 2667 1248 2850">
     <span class='ocr_line' id='line_1_23' title="bbox 194 2667 1248 2756; baseline 0.003 -25"><span class='ocrx_word' id='word_1_163' title='bbox 194 2669 272 2732; x_wconf 90' lang='lat' dir='ltr'>Post</span> <span class='ocrx_word' id='word_1_164' title='bbox 286 2667 370 2731; x_wconf 88' lang='lat' dir='ltr'>hunc</span> <span class='ocrx_word' id='word_1_165' title='bbox 384 2690 507 2732; x_wconf 88' lang='lat' dir='ltr'>versum</span> <span class='ocrx_word' id='word_1_166' title='bbox 522 2667 716 2732; x_wconf 84' lang='lat' dir='ltr'>desideratur</span> <span class='ocrx_word' id='word_1_167' title='bbox 730 2667 943 2756; x_wconf 88' lang='lat' dir='ltr'>antistrophus</span> <span class='ocrx_word' id='word_1_168' title='bbox 957 2692 1103 2734; x_wconf 88' lang='lat' dir='ltr'>versuum</span> <span class='ocrx_word' id='word_1_169' title='bbox 1122 2685 1181 2754; x_wconf 88' lang='lat'>145</span> <span class='ocrx_word' id='word_1_170' title='bbox 1182 2685 1248 2754; x_wconf 83' lang='lat'>5-</span> 
     </span>
     <span class='ocr_line' id='line_1_24' title="bbox 156 2773 248 2850; baseline 0.022 -18"><span class='ocrx_word' id='word_1_171' title='bbox 156 2773 248 2850; x_wconf 84' lang='lat'>1461.</span> 
     </span>
    </p>

    <p class='ocr_par' dir='ltr' id='par_1_12' title="bbox 150 2871 1250 3243">
     <span class='ocr_line' id='line_1_25' title="bbox 199 2871 1249 2959; baseline 0.004 -25"><span class='ocrx_word' id='word_1_172' title='bbox 199 2872 293 2955; x_wconf 87' lang='lat'>1476.</span> <span class='ocrx_word' id='word_1_173' title='bbox 313 2871 499 2957; x_wconf 83' lang='grc' dir='ltr'>τριπάχυιον]</span> <span class='ocrx_word' id='word_1_174' title='bbox 516 2872 549 2936; x_wconf 91' lang='lat' dir='ltr'>Si</span> <span class='ocrx_word' id='word_1_175' title='bbox 563 2894 673 2937; x_wconf 88' lang='lat' dir='ltr'>verum</span> <span class='ocrx_word' id='word_1_176' title='bbox 689 2886 735 2937; x_wconf 90' lang='lat' dir='ltr'>est</span> <span class='ocrx_word' id='word_1_177' title='bbox 750 2873 932 2956; x_wconf 73' lang='grc' dir='ltr'>τριπάχυιον,</span> <span class='ocrx_word' id='word_1_178' title='bbox 948 2872 1153 2959; x_wconf 89' lang='lat' dir='ltr'>repetendum</span> <span class='ocrx_word' id='word_1_179' title='bbox 1168 2885 1249 2938; x_wconf 85' lang='lat' dir='ltr'>esta</span> 
     </span>
     <span class='ocr_line' id='line_1_26' title="bbox 152 2973 1250 3062; baseline 0.003 -24"><span class='ocrx_word' id='word_1_180' title='bbox 152 2976 257 3057; x_wconf 78' lang='grc' dir='ltr'>παχύς.</span> <span class='ocrx_word' id='word_1_181' title='bbox 303 2973 364 3038; x_wconf 88' lang='lat' dir='ltr'>Sed</span> <span class='ocrx_word' id='word_1_182' title='bbox 386 2973 490 3038; x_wconf 87' lang='lat' dir='ltr'>nescio</span> <span class='ocrx_word' id='word_1_183' title='bbox 510 2996 551 3038; x_wconf 91' lang='lat' dir='ltr'>an</span> <span class='ocrx_word' id='word_1_184' title='bbox 574 2974 741 3062; x_wconf 87' lang='lat' dir='ltr'>legendum</span> <span class='ocrx_word' id='word_1_185' title='bbox 763 2976 949 3057; x_wconf 76' lang='grc' dir='ltr'>τριπάλαιον,</span> <span class='ocrx_word' id='word_1_186' title='bbox 965 2975 1020 3061; x_wconf 92' lang='lat' dir='ltr'>qui</span> <span class='ocrx_word' id='word_1_187' title='bbox 1035 2975 1075 3039; x_wconf 90' lang='lat' dir='ltr'>ab</span> <span class='ocrx_word' id='word_1_188' title='bbox 1089 2976 1190 3041; x_wconf 88' lang='lat' dir='ltr'>abavo</span> <span class='ocrx_word' id='word_1_189' title='bbox 1204 2976 1250 3041; x_wconf 78' lang='lat' dir='ltr'>fu-</span> 
     </span>
     <span class='ocr_line' id='line_1_27' title="bbox 150 3075 1250 3164; baseline 0.004 -25"><span class='ocrx_word' id='word_1_190' title='bbox 150 3075 244 3140; x_wconf 84' lang='lat' dir='ltr'>miliae</span> <span class='ocrx_word' id='word_1_191' title='bbox 259 3075 399 3140; x_wconf 75' lang='lat' dir='ltr'>adhaesit.</span> <span class='ocrx_word' id='word_1_192' title='bbox 415 3076 586 3163; x_wconf 88' lang='lat' dir='ltr'>Phrynich.</span> <span class='ocrx_word' id='word_1_193' title='bbox 603 3079 693 3164; x_wconf 84' lang='lat' dir='ltr'>App.</span> <span class='ocrx_word' id='word_1_194' title='bbox 706 3077 802 3164; x_wconf 89' lang='lat' dir='ltr'>Soph.</span> <span class='ocrx_word' id='word_1_195' title='bbox 818 3101 849 3164; x_wconf 90' lang='lat' dir='ltr'>p.</span> <span class='ocrx_word' id='word_1_196' title='bbox 862 3080 914 3159; x_wconf 89' lang='lat'>64.</span> <span class='ocrx_word' id='word_1_197' title='bbox 930 3077 1104 3159; x_wconf 75' lang='grc' dir='ltr'>τριπάλαιαε</span> <span class='ocrx_word' id='word_1_198' title='bbox 1120 3083 1157 3143; x_wconf 74' lang='lat' dir='ltr'>ru</span> <span class='ocrx_word' id='word_1_199' title='bbox 1170 3079 1250 3143; x_wconf 79' lang='grc' dir='ltr'>πάνυ</span> 
     </span>
     <span class='ocr_line' id='line_1_28' title="bbox 151 3177 471 3243; baseline -0.003 -1"><span class='ocrx_word' id='word_1_200' title='bbox 151 3177 273 3243; x_wconf 76' lang='grc' dir='ltr'>παλαιά.</span> <span class='ocrx_word' id='word_1_201' title='bbox 297 3179 471 3243; x_wconf 87' lang='lat' dir='ltr'>BLOMF.</span> 
     </span>
    </p>

    <p class='ocr_par' dir='ltr' id='par_1_13' title="bbox 197 3268 1001 3365">
     <span class='ocr_line' id='line_1_29' title="bbox 197 3268 1001 3365; baseline -0.002 -23"><span class='ocrx_word' id='word_1_202' title='bbox 197 3296 290 3365; x_wconf 89' lang='lat'>1477.</span> <span class='ocrx_word' id='word_1_203' title='bbox 306 3278 427 3364; x_wconf 82' lang='grc' dir='ltr'>γέννας]</span> <span class='ocrx_word' id='word_1_204' title='bbox 442 3268 550 3361; x_wconf 67' lang='grc' dir='ltr'>γέννῆέ</span> <span class='ocrx_word' id='word_1_205' title='bbox 565 3279 617 3343; x_wconf 84' lang='lat' dir='ltr'>Fl.</span> <span class='ocrx_word' id='word_1_206' title='bbox 663 3279 868 3344; x_wconf 86' lang='lat' dir='ltr'>Scribendum</span> <span class='ocrx_word' id='word_1_207' title='bbox 884 3279 1001 3363; x_wconf 80' lang='grc' dir='ltr'>γέννης.</span> 
     </span>
    </p>

    <p class='ocr_par' dir='ltr' id='par_1_14' title="bbox 149 3378 1251 4261">
     <span class='ocr_line' id='line_1_30' title="bbox 198 3378 1251 3469; baseline -0.002 -25"><span class='ocrx_word' id='word_1_208' title='bbox 198 3398 289 3467; x_wconf 90' lang='lat'>1479.</span> <span class='ocrx_word' id='word_1_209' title='bbox 305 3383 407 3467; x_wconf 85' lang='grc' dir='ltr'>νείρει]</span> <span class='ocrx_word' id='word_1_210' title='bbox 423 3383 504 3469; x_wconf 78' lang='grc' dir='ltr'>νείρῃ</span> <span class='ocrx_word' id='word_1_211' title='bbox 514 3382 731 3462; x_wconf 89' lang='lat' dir='ltr'>Casaubonus,</span> <span class='ocrx_word' id='word_1_212' title='bbox 741 3394 836 3459; x_wconf 87' lang='lat' dir='ltr'>recte,</span> <span class='ocrx_word' id='word_1_213' title='bbox 849 3381 906 3445; x_wconf 85' lang='lat' dir='ltr'>uisi</span> <span class='ocrx_word' id='word_1_214' title='bbox 922 3380 1007 3467; x_wconf 92' lang='lat' dir='ltr'>quod</span> <span class='ocrx_word' id='word_1_215' title='bbox 1020 3383 1103 3465; x_wconf 74' lang='grc' dir='ltr'>νείρᾳ</span> <span class='ocrx_word' id='word_1_216' title='bbox 1117 3378 1251 3443; x_wconf 88' lang='lat' dir='ltr'>scribere</span> 
     </span>
     <span class='ocr_line' id='line_1_31' title="bbox 150 3480 1249 3569; baseline -0.004 -21"><span class='ocrx_word' id='word_1_217' title='bbox 150 3483 296 3559; x_wconf 86' lang='lat' dir='ltr'>debebat,</span> <span class='ocrx_word' id='word_1_218' title='bbox 311 3483 431 3569; x_wconf 88' lang='lat' dir='ltr'>dequo</span> <span class='ocrx_word' id='word_1_219' title='bbox 446 3484 568 3549; x_wconf 90' lang='lat' dir='ltr'>monuit</span> <span class='ocrx_word' id='word_1_220' title='bbox 582 3484 795 3549; x_wconf 88' lang='lat' dir='ltr'>Wellauerus.</span> <span class='ocrx_word' id='word_1_221' title='bbox 833 3486 965 3546; x_wconf 88' lang='lat' dir='ltr'>Sensum</span> <span class='ocrx_word' id='word_1_222' title='bbox 982 3480 1078 3545; x_wconf 89' lang='lat' dir='ltr'>totius</span> <span class='ocrx_word' id='word_1_223' title='bbox 1093 3480 1150 3544; x_wconf 90' lang='lat' dir='ltr'>loci</span> <span class='ocrx_word' id='word_1_224' title='bbox 1166 3493 1249 3544; x_wconf 86' lang='lat' dir='ltr'>recte</span> 
     </span>
     <span class='ocr_line' id='line_1_32' title="bbox 149 3584 1248 3671; baseline -0.005 -22"><span class='ocrx_word' id='word_1_225' title='bbox 149 3584 300 3671; x_wconf 85' lang='lat' dir='ltr'>explicuit</span> <span class='ocrx_word' id='word_1_226' title='bbox 328 3585 516 3650; x_wconf 82' lang='lat' dir='ltr'>Sebuetzius</span> <span class='ocrx_word' id='word_1_227' title='bbox 540 3593 563 3625; x_wconf 77' lang='lat'>‘⁴</span> <span class='ocrx_word' id='word_1_228' title='bbox 578 3587 678 3651; x_wconf 78' lang='lat' dir='ltr'>Nunc</span> <span class='ocrx_word' id='word_1_229' title='bbox 703 3586 828 3651; x_wconf 80' lang='lat' dir='ltr'>tandem</span> <span class='ocrx_word' id='word_1_230' title='bbox 849 3584 1016 3648; x_wconf 71' lang='lat' dir='ltr'>correctists‘.</span> <span class='ocrx_word' id='word_1_231' title='bbox 1036 3584 1103 3646; x_wconf 78' lang='lat' dir='ltr'>oris</span> <span class='ocrx_word' id='word_1_232' title='bbox 1124 3590 1248 3645; x_wconf 80' lang='lat' dir='ltr'>seuten-</span> 
     </span>
     <span class='ocr_line' id='line_1_33' title="bbox 150 3685 1249 3775; baseline -0.004 -24"><span class='ocrx_word' id='word_1_233' title='bbox 150 3689 238 3765; x_wconf 78' lang='lat' dir='ltr'>tiam,</span> <span class='ocrx_word' id='word_1_234' title='bbox 263 3687 377 3752; x_wconf 90' lang='lat' dir='ltr'>rectius</span> <span class='ocrx_word' id='word_1_235' title='bbox 400 3710 495 3775; x_wconf 84' lang='lat' dir='ltr'>quam</span> <span class='ocrx_word' id='word_1_236' title='bbox 521 3701 613 3752; x_wconf 83' lang='lat' dir='ltr'>antea</span> <span class='ocrx_word' id='word_1_237' title='bbox 635 3687 760 3753; x_wconf 89' lang='lat' dir='ltr'>locutus</span> <span class='ocrx_word' id='word_1_238' title='bbox 789 3710 833 3764; x_wconf 88' lang='lat' dir='ltr'>es,</span> <span class='ocrx_word' id='word_1_239' title='bbox 859 3685 956 3771; x_wconf 86' lang='lat' dir='ltr'>hujus</span> <span class='ocrx_word' id='word_1_240' title='bbox 979 3686 1089 3771; x_wconf 60' lang='lat' dir='ltr'>meis</span> <span class='ocrx_word' id='word_1_241' title='bbox 1114 3685 1249 3771; x_wconf 76' lang='lat' dir='ltr'>genium</span> 
     </span>
     <span class='ocr_line' id='line_1_34' title="bbox 151 3784 1248 3876; baseline -0.004 -24"><span class='ocrx_word' id='word_1_242' title='bbox 151 3794 279 3876; x_wconf 91' lang='lat' dir='ltr'>(nempe</span> <span class='ocrx_word' id='word_1_243' title='bbox 303 3789 469 3871; x_wconf 80' lang='grc' dir='ltr'>ἀλάστορα,</span> <span class='ocrx_word' id='word_1_244' title='bbox 498 3812 521 3853; x_wconf 90' lang='lat' dir='ltr'>s.</span> <span class='ocrx_word' id='word_1_245' title='bbox 548 3791 665 3853; x_wconf 88' lang='lat' dir='ltr'>malum</span> <span class='ocrx_word' id='word_1_246' title='bbox 691 3788 835 3876; x_wconf 90' lang='lat' dir='ltr'>genium)</span> <span class='ocrx_word' id='word_1_247' title='bbox 860 3785 1044 3851; x_wconf 76' lang='lat' dir='ltr'>incusando.</span> <span class='ocrx_word' id='word_1_248' title='bbox 1090 3787 1141 3849; x_wconf 86' lang='lat' dir='ltr'>Eo</span> <span class='ocrx_word' id='word_1_249' title='bbox 1166 3784 1248 3849; x_wconf 90' lang='lat' dir='ltr'>enim</span> 
     </span>
     <span class='ocr_line' id='line_1_35' title="bbox 149 3888 1250 3978; baseline -0.004 -22"><span class='ocrx_word' id='word_1_250' title='bbox 149 3905 276 3956; x_wconf 89' lang='lat' dir='ltr'>auctore</span> <span class='ocrx_word' id='word_1_251' title='bbox 301 3891 337 3955; x_wconf 89' lang='lat' dir='ltr'>fit</span> <span class='ocrx_word' id='word_1_252' title='bbox 364 3907 399 3955; x_wconf 89' lang='lat' dir='ltr'>ut</span> <span class='ocrx_word' id='word_1_253' title='bbox 424 3890 606 3978; x_wconf 87' lang='lat' dir='ltr'>sanguinem</span> <span class='ocrx_word' id='word_1_254' title='bbox 632 3889 789 3955; x_wconf 88' lang='lat' dir='ltr'>lambendi</span> <span class='ocrx_word' id='word_1_255' title='bbox 812 3889 880 3954; x_wconf 90' lang='lat' dir='ltr'>dim</span> <span class='ocrx_word' id='word_1_256' title='bbox 905 3888 1003 3952; x_wconf 93' lang='lat' dir='ltr'>libido</span> <span class='ocrx_word' id='word_1_257' title='bbox 1027 3888 1059 3952; x_wconf 95' lang='lat' dir='ltr'>in</span> <span class='ocrx_word' id='word_1_258' title='bbox 1081 3888 1250 3952; x_wconf 85' lang='lat' dir='ltr'>visceribus</span> 
     </span>
     <span class='ocr_line' id='line_1_36' title="bbox 149 3989 1250 4080; baseline -0.004 -23"><span class='ocrx_word' id='word_1_259' title='bbox 149 4016 258 4057; x_wconf 88' lang='lat' dir='ltr'>eorum</span> <span class='ocrx_word' id='word_1_260' title='bbox 288 3993 343 4080; x_wconf 93' lang='lat' dir='ltr'>qui</span> <span class='ocrx_word' id='word_1_261' title='bbox 372 4016 411 4057; x_wconf 86' lang='lat' dir='ltr'>ex</span> <span class='ocrx_word' id='word_1_262' title='bbox 436 3993 494 4057; x_wconf 90' lang='lat' dir='ltr'>bac</span> <span class='ocrx_word' id='word_1_263' title='bbox 522 4007 616 4079; x_wconf 86' lang='lat' dir='ltr'>gente</span> <span class='ocrx_word' id='word_1_264' title='bbox 643 3991 705 4055; x_wconf 86' lang='lat' dir='ltr'>orti</span> <span class='ocrx_word' id='word_1_265' title='bbox 731 4006 816 4069; x_wconf 90' lang='lat' dir='ltr'>sunt,</span> <span class='ocrx_word' id='word_1_266' title='bbox 841 4014 866 4054; x_wconf 88' lang='lat' dir='ltr'>s.</span> <span class='ocrx_word' id='word_1_267' title='bbox 894 4005 1089 4078; x_wconf 86' lang='lat' dir='ltr'>posterorum</span> <span class='ocrx_word' id='word_1_268' title='bbox 1121 3989 1250 4054; x_wconf 86' lang='lat' dir='ltr'>Tantali</span> 
     </span>
     <span class='ocr_line' id='line_1_37' title="bbox 149 4093 1251 4182; baseline -0.003 -23"><span class='ocrx_word' id='word_1_269' title='bbox 149 4094 263 4174; x_wconf 79' lang='lat' dir='ltr'>alatur,</span> <span class='ocrx_word' id='word_1_270' title='bbox 293 4094 337 4160; x_wconf 89' lang='lat' dir='ltr'>ita</span> <span class='ocrx_word' id='word_1_271' title='bbox 365 4109 403 4158; x_wconf 92' lang='lat' dir='ltr'>ut</span> <span class='ocrx_word' id='word_1_272' title='bbox 426 4096 617 4182; x_wconf 80' lang='lat' dir='ltr'>priusquam</span> <span class='ocrx_word' id='word_1_273' title='bbox 642 4096 795 4180; x_wconf 81' lang='lat' dir='ltr'>antiquus</span> <span class='ocrx_word' id='word_1_274' title='bbox 822 4093 911 4156; x_wconf 77' lang='lat' dir='ltr'>dolor</span> <span class='ocrx_word' id='word_1_275' title='bbox 940 4095 1120 4169; x_wconf 77' lang='lat' dir='ltr'>cessaverit,</span> <span class='ocrx_word' id='word_1_276' title='bbox 1149 4112 1251 4156; x_wconf 82' lang='lat' dir='ltr'>novus</span> 
     </span>
     <span class='ocr_line' id='line_1_38' title="bbox 150 4195 398 4261; baseline 0 0"><span class='ocrx_word' id='word_1_277' title='bbox 150 4219 246 4261; x_wconf 79' lang='lat' dir='ltr'>cruor</span> <span class='ocrx_word' id='word_1_278' title='bbox 264 4195 398 4261; x_wconf 81' lang='lat' dir='ltr'>mouet.”</span> 
     </span>
    </p>

    <p class='ocr_par' dir='ltr' id='par_1_15' title="bbox 196 4293 1250 4382">
     <span class='ocr_line' id='line_1_39' title="bbox 196 4293 1250 4382; baseline -0.006 -19"><span class='ocrx_word' id='word_1_279' title='bbox 196 4300 289 4382; x_wconf 88' lang='lat'>1481.</span> <span class='ocrx_word' id='word_1_280' title='bbox 310 4299 331 4379; x_wconf 74' lang='grc' dir='ltr'><em>ἦ</em></span> <span class='ocrx_word' id='word_1_281' title='bbox 351 4297 449 4381; x_wconf 80' lang='grc' dir='ltr'>μέγαν</span> <span class='ocrx_word' id='word_1_282' title='bbox 469 4300 560 4364; x_wconf 84' lang='grc' dir='ltr'>οίκοις</span> <span class='ocrx_word' id='word_1_283' title='bbox 581 4297 694 4381; x_wconf 82' lang='grc' dir='ltr'>τοῖσδε]</span> <span class='ocrx_word' id='word_1_284' title='bbox 711 4297 826 4360; x_wconf 89' lang='lat' dir='ltr'>Versus</span> <span class='ocrx_word' id='word_1_285' title='bbox 847 4293 1061 4382; x_wconf 88' lang='lat' dir='ltr'>interpolatus.</span> <span class='ocrx_word' id='word_1_286' title='bbox 1106 4295 1250 4358; x_wconf 76' lang='lat' dir='ltr'>Mettum</span> 
     </span>
    </p>
   </div>
   <div class='ocr_carea' id='block_1_3' title="bbox 149 4397 676 4490">
    <p class='ocr_par' dir='ltr' id='par_1_16' title="bbox 149 4397 676 4490">
     <span class='ocr_line' id='line_1_40' title="bbox 149 4397 676 4490; baseline -0.006 -24"><span class='ocrx_word' id='word_1_287' title='bbox 149 4401 212 4466; x_wconf 85' lang='lat' dir='ltr'>fuit</span> <span class='ocrx_word' id='word_1_288' title='bbox 225 4401 414 4490; x_wconf 83' lang='lat' dir='ltr'>dactylicum</span> <span class='ocrx_word' id='word_1_289' title='bbox 430 4398 454 4449; x_wconf 65' lang='lat'>-1</span> <span class='ocrx_word' id='word_1_290' title='bbox 466 4435 489 4464; x_wconf 83' lang='grc' dir='ltr'><strong>υ</strong></span> <span class='ocrx_word' id='word_1_291' title='bbox 502 4435 524 4464; x_wconf 78' lang='grc' dir='ltr'><strong>υ</strong></span> <span class='ocrx_word' id='word_1_292' title='bbox 538 4397 594 4463; x_wconf 78' lang='grc' dir='ltr'>-’-ο</span> <span class='ocrx_word' id='word_1_293' title='bbox 607 4433 629 4463; x_wconf 78' lang='grc' dir='ltr'>ο</span> <span class='ocrx_word' id='word_1_294' title='bbox 643 4435 676 4463; x_wconf 83' lang='grc'>-.</span> 
     </span>
    </p>
   </div>
   <div class='ocr_carea' id='block_1_4' title="bbox 0 0 1496 5054">
    <p class='ocr_par' dir='ltr' id='par_1_17' title="bbox 0 0 1496 5054">
     <span class='ocr_line' id='line_1_41' title="bbox 0 0 1496 5054; baseline 0 0"><span class='ocrx_word' id='word_1_295' title='bbox 0 0 1496 5054; x_wconf 95' lang='lat' dir='ltr'> </span> 
     </span>
    </p>
   </div>
  </div>
 </body>
</html>
