2984 5054
189 346 254 407 340
549 341 927 406 ANNOTATIONES

233 509 350 591 ἀργίας]
368 509 490 590 άργείας
500 508 611 573 Guelf.
623 507 701 572 Ald.
719 510 825 591 ἀργίας
838 509 863 572 si
878 522 961 573 reete
975 509 1142 594 legeretur,
1155 506 1187 569 in
1196 527 1290 569 versu

188 608 413 695 antistrophico
437 608 552 690 Τροίας
575 609 771 673 scribendum
795 610 896 675 foret:
935 609 1107 674 absurdum
1133 608 1217 670 euim
1243 619 1291 670 eet

189 714 294 794 ἀργίας
315 710 504 798 disyllabum
526 712 734 798 pronuntiari.
780 713 841 777 Sed
864 725 948 776 recte
967 708 1174 775 Blomfieldus
1196 710 1292 790 άργᾶς

189 811 375 891 emendavit,
397 813 482 898 quod
508 837 546 878 ex
570 814 690 898 άργάεις
712 830 759 879 est
783 827 988 879 contractum.
1036 812 1087 877 Sie
1108 816 1217 893 ταῦρον
1239 811 1292 891 ἀρ-

109 980 120 999 ,
189 920 285 997 γᾶντα
299 915 381 980 dixit
395 916 526 981 Pindar.
543 918 672 1005 Olymp.
687 937 737 1003 13,
751 937 803 1003 99.
818 931 850 980 et
864 919 979 981 ὑλᾶντα
994 914 1072 995 νάπη
1087 936 1145 1001 pro
1158 912 1291 977 ὑλάεντα

191 1017 362 1104 Euripides
377 1017 492 1083 Helen.
507 1039 600 1106 1303·

236 1121 309 1182 116.
325 1120 485 1206 φανέντες]
501 1122 530 1185 οἳ
544 1121 690 1204 φανέντες
705 1119 756 1184 Fl.

233 1221 321 1304 χερὸς
336 1223 369 1285 έκ
383 1223 573 1308 δοριπάλτου]
593 1223 627 1286 Ε
641 1225 755 1287 deutra
776 1243 898 1293 ττιειπιις
921 1242 1015 1307 quem
1032 1240 1141 1282 verum
1156 1238 1222 1279 esse
1238 1215 1293 1278 ho-

191 1344 261 1385 rum
280 1323 448 1387 verborum
470 1346 593 1388 sensum
617 1324 737 1413 primus
759 1322 879 1387 monuit
904 1321 1111 1386 Schneiderus
1132 1318 1164 1382 in
1181 1316 1293 1381 Indice

190 1423 232 1487 ad
262 1425 413 1511 Xenoph.
445 1425 531 1489 Hist.
562 1427 620 1489 Gr.
652 1449 681 1490 v.
712 1428 805 1507 Δόρυ.
852 1424 903 1490 sic
932 1424 1017 1512 apud
1049 1426 1213 1488 Teutonas
1241 1418 1294 1481 dic

191 1526 419 1605 Schwarteelle,
434 1529 597 1591 demerem
610 1529 707 1607 lutus,
722 1545 755 1592 et
768 1527 899 1615 propius
910 1550 967 1590 nos
977 1525 1088 1613 Angli,
1100 1525 1150 1589 tlte
1164 1519 1293 1587 Sword-

190 1648 271 1691 urm.
295 1629 388 1705 Quod
403 1629 444 1693 ed
459 1652 546 1693 oram
561 1630 632 1694 libri
649 1630 836 1716 Scaligereni
851 1643 1035 1693 annotatum
1050 1642 1108 1703 est,
1124 1628 1156 1704 ἐξ
1172 1626 1291 1704 άριστε-

190 1735 252 1810 ρᾶς,
269 1752 390 1793 merum
405 1730 515 1795 calami
529 1733 651 1820 lapsum
666 1732 763 1797 fuisse
781 1744 870 1818 puto.
917 1730 968 1795 Sic
989 1734 1032 1798 εἰς
1051 1732 1132 1811 δόρυ,
1146 1727 1294 1790 dextror-

128 1858 130 1862 ·
190 1853 273 1908 aum,
297 1832 449 1919 Xenoph.
471 1833 578 1897 Anab.
598 1854 630 1915 4,
653 1855 686 1918 3,
710 1852 761 1918 29.
787 1833 874 1897 Hist.
898 1834 956 1897 Gr.
979 1835 1011 1911 6,
1034 1830 1134 1917 5,18.
1157 1829 1293 1911 Dionys.

192 1930 269 1995 Hal.
283 1952 317 2017 3.
332 1955 363 2018 p.
378 1952 449 2016 190,
464 1953 514 2018 13.
530 1933 575 1998 ἐπ’
592 1936 705 2000 ἀσπίδα
719 1958 794 1998 vero
808 1937 1037 2000 sinistrorsum.
1061 1932 1133 1997 Vid.
1150 1927 1293 2015 Hesyeh.

191 2032 222 2095 in
238 2055 270 2095 v.
287 2033 457 2097 BLOMF.
482 2035 660 2116 δοριπάλτου
676 2039 782 2100 Turn.
796 2036 906 2120 steph.
923 2035 1108 2118 δορυπάλτον
1120 2029 1293 2096 1111'1.

193 2132 277 2197 Rob.
301 2134 502 2216 δορυπάλιιτου
519 2136 629 2200 Guelf.
653 2138 856 2219 δορυπάλκτον
870 2138 947 2201 Ald.

239 2251 309 2318 117.
338 2236 542 2318 παμπρέπτοις
564 2237 768 2302 Abresehiun
802 2239 989 2321 παμπρέπτοις
1012 2239 1095 2316 libri,
1119 2235 1177 2299 nisi
1204 2232 1293 2320 quod

191 2338 414 2420 παμπρέποισιν
429 2339 492 2417 Fl.,
508 2341 734 2423 πομπρέπτεσιν
750 2343 793 2422 Τ,
808 2341 916 2406 addito
934 2341 977 2428 gl.
994 2339 1182 2422 <dependula
1205 2339 1224 2416 ἡ
1244 2338 1293 2400 εὖ·

192 2445 258 2505 θεῖοι
273 2442 291 2521 ἡ
305 2441 508 2524 παμπρέπτης.
531 2448 555 2481 “
570 2444 655 2507 Late
667 2446 854 2530 conspicuis.
883 2443 990 2507 Simile
1004 2442 1068 2506 fere
1084 2437 1293 2525 compositum

192 2558 239 2607 est
263 2545 431 2624 εὔπρεπτος,
457 2548 657 2632 conspicuus,
686 2548 798 2633 Suppl.
824 2561 896 2627 717.
942 2544 1089 2630 Intellige
1112 2555 1216 2606 autem
1244 2537 1295 2603 vel

193 2645 442 2731 Agamemnonis
455 2646 617 2731 palatium,
634 2644 683 2708 vel
698 2645 896 2709 tentorium.”
919 2646 1094 2710 BLOMF.

240 2748 310 2808 118.
323 2744 521 2829 βοσκόμενοι]
538 2745 728 2824 βοσκομένην
743 2747 785 2809 Τ.

237 2846 394 2926 ἐρικύμονα
417 2848 458 2909 Τ.
484 2846 591 2932 steph.
621 2848 778 2928 έρικιίματα
801 2849 850 2910 Μ.
876 2847 985 2911 Guelf.
1009 2847 1092 2910 Rob.
1117 2847 1223 2908 Turn.
1252 2844 1296 2926 ἐρ’

195 2946 319 3026 ίκύμοτο
333 2945 412 3008 Ald.
458 2949 522 3010 Per
535 2949 727 3027 πολυκίμονα
741 2947 876 3034 explicat
891 2948 1065 3012 scholiasta.

237 3045 379 3132 φέρματι]
397 3047 549 3129 φέρβοντο
566 3049 607 3111 Τ.
625 3049 735 3134 Steph.
778 3050 935 3112 Auctores
951 3049 991 3113 de
1012 3048 1125 3135 leporis
1139 3046 1296 3111 foecundi·

194 3164 258 3213 tate
279 3172 298 3212 ιι
321 3148 458 3213 Stanleio
478 3148 648 3213 laudantur
669 3149 804 3214 Aristot.
828 3148 936 3213 Probl.
952 3170 1002 3227 10,
1028 3165 1057 3232 7.
1081 3152 1127 3213 H.
1143 3152 1188 3213 A.
1203 3169 1238 3231 4,
1262 3164 1296 3234 5.

196 3250 351 3315 Herodot.
367 3269 400 3336 3,
417 3251 446 3313 8.
463 3250 599 3337 Oppian.
617 3252 700 3338 Cyn.
715 3269 747 3334 3,
763 3268 838 3335 521.
853 3251 970 3337 quibus
985 3251 1111 3338 adjicias
1126 3253 1247 3316 Athen.
1264 3274 1296 3339 9,

194 3376 226 3439 p.
242 3372 315 3433 400.
335 3355 495 3417 Eratosth.
513 3355 665 3418 Cataster.
681 3376 712 3439 p.
729 3370 780 3416 12.
801 3354 849 3418 ed.
867 3352 945 3417 Fell.
963 3355 1075 3418 Horat.
1094 3356 1126 3418 S.
1144 3374 1176 3432 2,
1191 3374 1225 3434 4,
1241 3375 1297 3436 44.

196 3455 366 3520 Foecundae
379 3457 504 3542 leporis.
530 3455 702 3519 BLOMF.

242 3577 312 3624 120.
326 3557 498 3644 βλαβέντα]
516 3557 667 3621 Refertur
681 3555 720 3620 ad
736 3557 868 3638 λαγωὸν,
880 3578 938 3642 pro
953 3579 1018 3642 quo
1037 3559 1169 3638 λαγίναν
1182 3557 1298 3639 γένναν

195 3659 286 3724 dixit.
331 3658 507 3723 “Verbum
530 3680 602 3721 cum
624 3657 764 3742 genitivo
781 3672 992 3721 constructum
1010 3674 1046 3721 ut
1058 3658 1144 3744 apud
1161 3660 1298 3724 Homer.

196 3761 260 3825 Od.
276 3772 315 3837 A,
330 3778 400 3843 195.
416 3761 499 3822 ἀλλά
513 3784 548 3822 vu
566 3760 620 3821 τόν
634 3783 670 3838 γε
689 3759 752 3821 θεοὶ
765 3758 938 3836 βλάπτουσι
953 3761 1103 3824 κελεύθου.
1118 3761 1299 3846 impediunt

195 3861 286 3923 illum
311 3879 351 3921 πο
373 3861 434 3922 lter
461 3859 625 3943 eurclpiat.
673 3857 767 3921 Verte
793 3858 902 3945 igitur,
928 3861 1165 3947 impeditaque
1190 3864 1301 3927 minue

197 3961 345 4023 ultimum
359 3981 488 4022 curuum
499 3960 713 4045 ρννβοοτιτιίῖἼ
737 3960 910 4025 BLOMF.

245 4079 314 4124 121.
338 4060 372 4123 τὸ
394 4059 419 4124 δ’
435 4061 479 4146 εὖ]
496 4060 538 4124 ld
557 4061 643 4146 quod
659 4060 733 4124 felix
748 4058 952 4147 faustumque
966 4076 1023 4125 est.
1070 4063 1160 4128 Infra
1177 4088 1206 4128 v.
1222 4086 1301 4151 349.

199 4165 233 4228 τὸ
248 4161 272 4226 δ’
289 4163 322 4226 εὖ
337 4164 466 4243 κρατοίη.
490 4164 666 4226 BLOMF.

245 4282 315 4330 122.
332 4263 556 4348 στρατόμαντις]
572 4260 714 4327 Calchas.

242 4364 377 4447 δισσοὺς]
396 4363 600 4429 Scribendum
622 4364 744 4430 πιστοὺς
762 4386 833 4426 cum
850 4364 1011 4429 Lobeckio
1025 4364 1066 4428 ad
1088 4367 1186 4453 Soph.
1204 4371 1301 4456 Ajee.

204 4485 274 4554 151.
300 4464 396 4531 sicin
412 4464 515 4528 Persis
528 4482 580 4548 55.
597 4466 744 4550 τοξουλκῷ
759 4464 869 4545 λήματι
882 4466 1004 4532 πιστούς
1018 4465 1099 4531 dixit
1115 4469 1301 4558 AEscbylus.
