2984 5054
188 334 256 396 542
551 330 932 398 ANNOTATIONES

188 501 300 588 fragm.
317 500 516 588 Melanippes
530 501 728 565 obversatum
744 525 809 566 esse
823 516 906 567 recte
922 500 1046 589 judicat
1059 497 1228 563 Jacobsius
1247 498 1293 562 ad

190 603 323 668 Anthoi.
338 604 400 668 vol.
416 623 493 688 3,1‚
508 627 540 688 p.
555 621 626 683 142.
650 605 751 668 SCH.

235 707 350 791 έπιυπᾷ]
367 708 480 789 έποπτᾷ
496 707 539 768 Τ.

233 809 336 892 φρενί]
354 813 389 887 τῇ
405 808 496 890 φρενί
509 809 552 871 Τ.
568 807 653 871 Rob.

234 929 305 993 279.
321 910 446 995 φωνεῖν]
462 915 593 992 φρονεῖν
607 908 687 973 Aid.
701 909 785 974 unde
799 915 924 992 φρονεῖν
939 911 1044 973 Turn.

234 1016 307 1077 280.
322 1016 496 1095 μαραίνεται
509 1012 608 1096 χερὸς,
623 1014 822 1094 μητροκτόνον
835 1013 881 1098 μ.]
894 1011 1039 1098 Speciosa
1049 1027 1095 1076 est
1109 1011 1294 1099 conjectura

190 1116 328 1182 Jacobsii
346 1116 399 1201 (ad
417 1116 519 1180 Antb.
534 1139 582 1202 gr.
599 1116 660 1178 vol.
675 1134 708 1200 3,
726 1132 757 1194 ν,
772 1138 805 1202 p.
817 1118 881 1198 ιο.)
897 1113 955 1178 hos
969 1114 1137 1179 versiculos
1152 1114 1196 1178 ita
1215 1113 1291 1179 scri·

190 1218 309 1283 bendos
323 1234 355 1283 et
370 1218 607 1305 distinguendos
620 1217 843 1282 existimantis:

361 1324 457 1403 βρίζει
469 1324 528 1403 γὰρ
542 1322 615 1400 αῐμο
629 1320 677 1385 καὶ
690 1322 865 1403 μαραίνεται
878 1319 967 1404 χρέος

361 1425 571 1506 μητροκτόνον,
587 1425 702 1504 μίασμα
717 1423 740 1487 δ’
757 1424 904 1488 ἔκπλυτον
916 1423 1013 1489 πέλει.

191 1545 293 1609 SCH.
339 1543 431 1608 Conf.
454 1543 495 1607 ad
515 1567 545 1606 v.
563 1546 635 1607 260.
660 1543 871 1625 Δημοκρόντου
893 1544 966 1626 ἀρᾶς
985 1543 1077 1606 τίνειν
1098 1539 1188 1624 χρέος
1209 1539 1293 1606 dixit

190 1645 363 1734 AEschylus
390 1646 457 1732 Ag.
483 1661 560 1730 457.
600 1644 737 1710 Stanleio
765 1642 984 1732 corrigendum
1007 1641 1172 1706 videbatur
1199 1643 1293 1725 χερὸς

188 1751 398 1831 μητροκτόνου,
411 1752 528 1830 μίασμα
543 1746 611 1811 δ’-
623 1797 630 1811 .

234 1853 307 1915 282.
326 1853 492 1927 ποταίνιον]
509 1850 678 1914 Piocrdum
700 1873 718 1913 e
736 1863 876 1914 materna
889 1850 975 1914 caede
988 1862 1185 1934 conceptum,
1200 1847 1291 1933 quod

188 1976 295 2018 recens
309 1968 375 2016 erat
389 1967 456 2015 tum
472 1974 572 2038 quum
587 1951 627 2016 ad
638 1950 796 2038 Apollinis
810 1952 961 2039 templum
977 1950 1165 2028 accederem,
1180 1964 1291 2037 postea

189 2054 344 2120 sacrificiis
358 2054 531 2117 extinctum
547 2068 604 2118 est.
629 2056 730 2119 SCH.

234 2158 305 2242 283.
336 2157 549 2242 χοιροκτόνοις]
573 2158 744 2221 Porcorum
772 2179 848 2221 usus
871 2156 902 2220 in
929 2157 1083 2222 sacrificiis
1107 2155 1290 2245 expiatoriis

190 2257 264 2323 satis
278 2273 371 2324 notus
386 2272 431 2322 est
447 2257 495 2322 vei
511 2281 551 2322 ex
566 2258 619 2323 ilio
634 2257 739 2323 Plauti
756 2258 787 2322 in
803 2259 1010 2323 Menaechmis
1026 2280 1055 2339 2,
1072 2278 1102 2338 2,
1118 2278 1164 2342 14.

493 2380 576 2442 ME.
600 2379 752 2466 responde
767 2377 843 2442 mihi

233 2480 437 2559 Adolescens,
453 2481 570 2568 quibus
583 2481 633 2545 hic
649 2481 755 2568 pretiis
770 2480 855 2566 porci
870 2495 1006 2545 veneunt

235 2583 321 2648 Sacri
335 2583 467 2649 sinceri?
492 2586 566 2648 CY.
580 2585 721 2647 Nummo
736 2606 810 2647 uno.
834 2584 916 2647 ME.
932 2584 985 2647 En
999 2605 1019 2646 a
1033 2605 1084 2647 me
1097 2581 1222 2671 accipe!

233 2686 257 2748 J
260 2685 321 2750 ube
337 2701 368 2750 te
382 2684 460 2773 piari
477 2686 598 2749 demea
613 2685 754 2771 pecunia,

232 2787 317 2849 Nam
331 2809 391 2872 ego
405 2785 532 2871 quidem
547 2785 690 2849 insanum
705 2808 770 2849 esse
785 2800 816 2849 te
830 2798 915 2849 certo
930 2784 1003 2850 scio.

191 2891 277 2957 Ibid.
294 2915 323 2956 v.
339 2894 390 2977 38.

318 3004 342 3066 J
344 3004 450 3081 ubeas,
466 3003 492 3066 si
506 3002 617 3090 sapias,
633 3001 797 3089 porculum
812 3002 916 3068 afferri
931 3003 1009 3078 tibi;

319 3107 402 3169 Nam
419 3120 452 3170 tu
468 3104 595 3194 quidem
611 3106 714 3169 hercle
728 3120 813 3169 certo
827 3128 889 3170 non
905 3107 1008 3171 sanu's
1023 3105 1096 3170 satis

320 3208 530 3289 Menaechme,
544 3207 601 3295 qui
616 3231 699 3272 nunc
713 3207 800 3294 ipsus
816 3208 981 3273 maledicas
996 3208 1061 3273 tibi.

190 3325 325 3390 Accedit
340 3342 372 3392 et
387 3327 597 3392 Horatianum
612 3325 691 3391 iliud
708 3328 810 3391 Serm.
828 3347 859 3404 a,
875 3348 908 3412 3,
922 3345 994 3411 174.

449 3473 535 3487 —-
550 3437 688 3502 immolet
702 3437 802 3524 aequis

320 3541 385 3606 Hic
400 3563 532 3628 porcum
547 3539 694 3605 Laribus.
712 3576 797 3589 —-

189 3660 334 3745 Uterque
355 3660 396 3723 de
417 3660 532 3724 insanis
547 3658 663 3746 (qualis
677 3658 771 3723 fuerit
786 3660 926 3742 Orestes)
941 3658 1173 3747 intelligendus.
1218 3661 1288 3727 Lu·

189 3759 329 3825 colenter
349 3761 443 3825 caedis
465 3760 628 3848 expiaudoe
651 3760 744 3825 ritum
767 3761 914 3828 describit
930 3762 1080 3850 Apollon.
1095 3783 1127 3844 4,
1145 3781 1218 3846 704.
1234 3764 1290 3829 ubi

189 3861 230 3926 de
243 3865 500 3948 Argonautarum
516 3862 692 3950 expiatione
706 3864 748 3928 ob
763 3864 961 3932 interfectum
978 3867 1155 3954 Absyrtum
1171 3866 1257 3954 agit:

319 3976 429 4052 Πρῶτο
442 3973 499 4050 μέν
513 3970 669 4052 ἀτρέπτοιο
684 3974 822 4056 λυτήριον
836 3977 856 4055 ἥ
869 4002 905 4059 γε
920 3978 1027 4058 φόνοιο

318 4069 475 4149 τειναμένη
490 4073 654 4151 καθύπερθε
670 4073 742 4141 συὸς
757 4074 851 4154 τέκος,
866 4076 901 4155 ἧς
916 4076 960 4139 έτι
973 4076 1060 4155 μαζοὶ

317 4174 493 4255 πλήμμυρον
507 4175 612 4257 λοχίης
626 4178 659 4239 έκ
675 4180 788 4257 νηδύος,
805 4182 906 4260 αἵματι
919 4185 1023 4263 χεῖρας

318 4274 438 4357 τέγγεν,
455 4274 657 4357 ἐπιτμήγουσα
673 4280 772 4361 δέρην.
788 4317 876 4332 -

188 4399 349 4483 Interpres
360 4393 510 4458 Graecus:
530 4393 675 4477 Λντήριον
689 4397 724 4463 τὸ
738 4400 901 4481 καθάρσιον
915 4397 1010 4481 λέγει·
1032 4399 1051 4460 ό
1065 4399 1131 4462 ἐστι
1144 4398 1291 4480 χοιρίδιον
