2984 5054
247 338 312 401 514
608 341 986 408 ANNOTATIONES

292 507 461 594 Γοργόνων]
477 511 584 576 Prnm.
594 511 667 593 824.
683 510 950 594 Δρακοντόμαλλοι
965 509 1111 594 Γοργόνες
1120 514 1357 592 βροτοσπγεῖς.

249 611 346 675 uum.
374 612 427 691 48.
454 611 494 675 de
523 611 639 693 Furiis,
668 615 761 678 Οὔτοι
785 621 939 696 γυναῖκας,
965 616 1048 678 δλλδ
1076 609 1227 695 Γοργόνας
1253 610 1357 693 λέγω.

249 712 464 800 Apollodorus
480 734 510 793 2,
526 735 556 796 4
573 716 658 800 εἶχον
671 719 705 781 δὲ
719 720 751 782 al
765 716 911 801 Γοργόνες
926 720 1060 799 κεφαλδς
1069 719 1126 797 μὲν
1139 737 1355 797 περιεσπειρα-

248 815 341 895 μένας
355 817 462 897 φολίσι
477 815 653 898 δρακόντων.
686 819 769 884 Haec
781 818 870 885 dedit
885 818 1052 884 Stanleius.
1089 816 1163 882 Vid.
1178 815 1300 881 Athen.
1314 831 1352 899 5.

249 939 282 1004 p.
296 936 368 983 221.
384 919 470 983 Aa.
493 920 668 985 BLOMF.

295 1039 388 1105 1049.
417 1022 627 1108 φαιοχίτωνες]
657 1024 860 1106 φαιοχίτωνες
882 1024 987 1086 Turn.
1014 1021 1124 1108 Stepb.
1161 1018 1254 1084 Mica
1279 1033 1348 1084 tro·

247 1120 351 1187 chaaos
367 1122 400 1186 in
420 1121 572 1210 principio
592 1123 703 1188 senarii
723 1137 839 1188 stantes
862 1123 981 1188 notavit
995 1122 1174 1187 Priscianus
1198 1144 1231 1208 p.
1249 1120 1358 1206 1328..

245 1222 393 1290 laudatus
419 1223 460 1289 ad
483 1224 588 1289 Theb.
610 1226 685 1306 484„
709 1247 821 1311 nempe
847 1222 936 1289 Ἱππο
954 1224 961 1309 Ι
977 1224 1120 1304 μέδοντος
1144 1237 1176 1287 et
1199 1221 1330 1308 Ἀλφε]

245 1327 377 1406 σίβοιαν.
422 1326 485 1404 Qui
507 1340 622 1405 tamen,
638 1326 664 1391 si
678 1326 851 1413 incorrupti
870 1342 954 1405 sunt,
969 1326 1141 1391 trochaeum
1162 1324 1195 1389 in
1217 1325 1347 1408 φαιοχί-

189 1456 197 1472 ·
244 1452 336 1495 τωνες
356 1449 419 1492 non
438 1439 585 1492 tuentur:
610 1427 690 1493 hanc
711 1427 793 1492 enirn
812 1426 967 1493 licentiam
987 1427 1014 1492 si
1035 1427 1200 1491 sumebant
1220 1424 1346 1512 tragici,

243 1528 408 1594 sumebant
429 1528 462 1592 in
483 1529 619 1616 propriis
641 1541 763 1594 tanturn
782 1527 978 1594 nominibus:
1001 1526 1074 1591 vide
1092 1526 1269 1592 Hermanni
1288 1525 1345 1591 El.

243 1633 353 1696 Doctr.
371 1632 469 1695 Matr.
484 1653 517 1718 p.
527 1650 581 1716 43.
596 1631 653 1718 qui
667 1645 770 1695 mmen
784 1629 859 1695 olim
870 1629 902 1694 in
917 1628 977 1694 boc
989 1628 1058 1696 loco
1069 1628 1345 1716 pronuntiandum

241 1732 364 1799 censuit
391 1736 613 1817 φαιοκχίτωνες.
651 1736 770 1799 Contra
798 1731 971 1819 analogiam
1002 1746 1111 1820 peccat
1131 1731 1344 1819 compositum

243 1837 424 1917 φαιωχίτιιν.
462 1833 635 1921 AEschylus
648 1835 778 1898 fortasse
799 1833 922 1921 scripsit
934 1837 1168 1918 ρελαγχίτωνας,
1183 1854 1345 1919 gramma-

242 1933 323 1998 ticus
344 1948 448 1998 autem
464 1935 520 2022 qui
534 1935 654 2000 noverit
674 1935 889 2000 Eumenidum
904 1949 1005 2000 vestes
1022 1956 1084 2000 non
1108 1934 1213 2020 nigras
1230 1933 1341 2013 fuisse,

241 2034 296 2100 scd
311 2035 423 2122 pullas,
439 2050 546 2100 notare
567 2035 681 2122 potuit,
699 2038 793 2119 ἤγουν
806 2039 1015 2121 φαιοχίτωνας.
1053 2036 1208 2102 Staulaius
1229 2035 1343 2101 laudat

241 2139 378 2204 Pausan.
391 2141 421 2217 8,
432 2156 486 2223 34-
501 2139 541 2203 de
556 2139 730 2217 Eumenisi,
741 2142 848 2208 ταύτας
861 2144 915 2207 τδς
929 2143 1009 2215 θεὸς,
1024 2141 1111 2221 ἡνίκα
1124 2139 1179 2204 τδν
1188 2137 1344 2221 Ὀρέστην

157 2247 158 2253 '
240 2240 374 2323 ἔκφρονα
393 2241 524 2323 ἔμελλον
545 2239 692 2320 ποιήσειν,
708 2242 803 2323 φασὶν
818 2241 897 2328 αὐτῷ
910 2244 1041 2324 φανῆναι
1054 2243 1207 2322 μελαίνας.
1240 2239 1340 2328 Diog.

239 2341 347 2407 Laert.
370 2343 403 2422 6,
428 2360 499 2408 τοι.
525 2342 566 2406 de
591 2341 782 2407 Menedemo
804 2341 936 2429 Cynico,
962 2343 1025 2421 oui,
1052 2341 1165 2406 Furias
1188 2341 1340 2421 imitanti,

236 2446 329 2528 χιτδν
343 2458 409 2509 erat
423 2444 512 2527 φαιδς
525 2443 661 2526 ποδήρης.
678 2445 775 2526 (conf.
793 2443 882 2508 Suid.
896 2443 929 2507 in
949 2466 977 2505 ν.
991 2442 1111 2525 Φαιός.)
1143 2443 1292 2509 Strabon.
1306 2466 1340 2531 3.

236 2546 417 2633 p.175.de
438 2544 545 2610 incolis
565 2545 801 2624 Cassiteridum,
815 2545 871 2631 qui
894 2544 1000 2608 Furiis
1021 2545 1133 2610 similes
1154 2546 1341 2612 describun-

238 2660 302 2725 tur,
316 2647 546 2730 μελάγχλαινοι,
561 2647 697 2727 ποδήρεις
718 2648 905 2713 ἐνδεδυκότες
923 2651 1059 2728 χιτῶνας.
1081 2661 1113 2711 et
1127 2648 1264 2712 Eumen.
1280 2668 1339 2734 52.

237 2750 327 2830 φαιός
341 2762 445 2812 autem
461 2761 529 2812 erat
542 2746 627 2811 color
640 2747 830 2834 compositus
844 2769 884 2810 ex
906 2747 996 2832 nigro
1010 2761 1041 2810 et
1055 2747 1138 2826 albo,
1151 2749 1255 2835 qualis
1269 2768 1340 2818 erat

235 2847 384 2926 murium,
402 2847 515 2935 (Angl.
533 2848 615 2933 όιιιι)
639 2861 717 2912 teste
738 2846 941 2934 Etymologo,
956 2870 1051 2933 quem
1070 2849 1146 2914 citat
1168 2851 1338 2918 Stanleius.

277 3050 566 3135 πεπλεκτανημέναι]
587 3052 673 3137 Sept.
689 3051 729 3115 ad
743 3051 844 3117 Tbeb.
859 3072 933 3138 490.
948 3050 1071 3135 Ὀφίων
1085 3056 1117 3118 δὲ
1137 3055 1339 3122 πλεκτάναισι

233 3152 411 3235 περίδρομον
433 3152 525 3220 κότος.
547 3152 611 3216 vid.
628 3175 721 3240 supra
745 3158 817 3234 246.
839 3152 1007 3232 πλεκτάνην
1029 3154 1141 3218 κόπνον
1162 3154 1244 3221 dixit
1259 3159 1340 3223 Ari-

234 3254 338 3341 stopb.
354 3254 418 3317 Av.
437 3268 530 3335 1714.
551 3253 720 3335 πλεκτάνην
734 3257 825 3337 πυρός
845 3269 950 3318 noster
970 3254 1002 3317 in
1018 3255 1172 3340 Orithyia.
1204 3260 1340 3325 πλεκτά-

234 3381 284 3422 ναι
304 3355 454 3420 diountur
476 3353 672 3443 polypodum
694 3355 765 3420 cirri
785 3354 835 3420 vel
855 3354 992 3419 brachia.
1029 3357 1197 3422 Furiarum
1221 3360 1340 3427 intorti

233 3459 358 3546 capillis
379 3477 504 3544 nugaces
523 3467 736 3519 memorantur
757 3453 863 3519 multis
882 3454 914 3518 in
939 3454 1023 3533 locis,
1045 3478 1065 3520 a
1083 3458 1206 3522 nemine
1227 3472 1338 3527 tamen

233 3573 306 3624 ante
321 3558 522 3645 AEschylum,
537 3555 593 3641 qui
608 3555 729 3642 primus
743 3557 833 3637 σφισδ
850 3553 1010 3637 δράκοντας
1024 3559 1165 3636 ἐποίησεν
1178 3560 1253 3638 όριοῦ
1267 3569 1338 3630 ταῖς

234 3664 269 3727 ἐν
283 3665 319 3747 τῇ
335 3665 453 3746 κεφαλῇ
468 3656 567 3740 θριξὶν
581 3657 667 3736 εἶναι,
682 3671 759 3721 teste
775 3654 931 3719 Pausania
951 3674 975 3732 ι,
993 3656 1044 3721 28.
1060 3680 1080 3721 a
1095 3658 1233 3723 Stanleio
1246 3661 1337 3726 adle-

232 3776 317 3848 gato.
341 3760 515 3824 BLOMF.

282 3878 373 3942 1050.
389 3859 428 3921 δν
441 3854 582 3940 μείναιμ’]
597 3854 761 3936 όριμείνοιρί
777 3855 827 3917 Μ.
845 3853 929 3917 Rob.
954 3856 1096 3936 ἆρείνοιρί
1112 3859 1222 3923 Guelf.
1237 3861 1320 3928 Ald.

281 3976 374 4042 1051.
389 3958 471 4041 XO.]
488 3955 600 4040 Pyladi
616 3955 726 4020 tribuit
740 3956 783 4018 R.

277 4057 381 4142 πατρί]
395 4058 495 4121 Recte
508 4069 614 4119 monet
630 4055 787 4130 Butlerus,
803 4051 918 4115 idcirco
932 4055 1028 4138 patris
1045 4058 1233 4124 mentionem
1249 4062 1335 4151 inje-

233 4157 473 4232 manachorum,
496 4168 532 4217 ut
555 4155 694 4218 animum
719 4151 838 4216 Orestis
858 4172 878 4213 a
897 4155 1156 4241 contemplatione
1181 4177 1336 4233 maternae

231 4259 326 4327 coedis
338 4256 379 4321 ad
394 4266 539 4342 paternas
551 4253 681 4339 injurias
695 4264 862 4315 revocaret.
906 4253 1029 4338 Nempe
1043 4258 1228 4325 vertendum
1251 4282 1336 4351 puto

232 4367 360 4446 φίλτατε
381 4355 481 4435 πατρί,
497 4353 605 4437 patris
626 4353 854 4426 amantissime,
873 4350 928 4435 qui
950 4365 981 4415 te
1003 4355 1086 4438 patri
1107 4360 1333 4434 amicissimum

231 4458 403 4528 ostendisti.
425 4453 600 4522 BLOMF.
