<?xml version="1.0" encoding="UTF-8"?>
<!DOCTYPE html PUBLIC "-//W3C//DTD XHTML 1.0 Transitional//EN"
    "http://www.w3.org/TR/xhtml1/DTD/xhtml1-transitional.dtd">
<html xmlns="http://www.w3.org/1999/xhtml" xml:lang="en" lang="en">
 <head>
  <title>
</title>
<meta http-equiv="Content-Type" content="text/html;charset=utf-8" />
  <meta name='ocr-system' content='tesseract 3.04.00' />
  <meta name='ocr-capabilities' content='ocr_page ocr_carea ocr_par ocr_line ocrx_word'/>
</head>
<body>
  <div class='ocr_page' id='page_1' title='image "./tragoediaesuper01aescgoog_0071.png"; bbox 0 0 2984 5054; ppageno 0'>
   <div class='ocr_carea' id='block_1_1' title="bbox 243 340 989 415">
    <p class='ocr_par' dir='ltr' id='par_1_1' title="bbox 243 340 989 415">
     <span class='ocr_line' id='line_1_1' title="bbox 243 340 989 415; baseline -0.015 0"><span class='ocrx_word' id='word_1_1' title='bbox 243 347 309 415; x_wconf 78' lang='grc'><strong>890</strong></span> <span class='ocrx_word' id='word_1_2' title='bbox 606 340 989 407; x_wconf 87' lang='lat' dir='ltr'><strong>ANNOTATIONES</strong></span> 
     </span>
    </p>
   </div>
   <div class='ocr_carea' id='block_1_2' title="bbox 243 508 1349 2641">
    <p class='ocr_par' dir='ltr' id='par_1_2' title="bbox 286 508 1015 599">
     <span class='ocr_line' id='line_1_2' title="bbox 286 508 1015 599; baseline -0.007 -21"><span class='ocrx_word' id='word_1_3' title='bbox 286 513 393 599; x_wconf 80' lang='grc' dir='ltr'>βάλοι]</span> <span class='ocrx_word' id='word_1_4' title='bbox 410 511 616 577; x_wconf 78' lang='lat' dir='ltr'><strong>Scribendum</strong></span> <span class='ocrx_word' id='word_1_5' title='bbox 631 511 716 592; x_wconf 83' lang='grc' dir='ltr'>βάλη</span> <span class='ocrx_word' id='word_1_6' title='bbox 730 534 802 576; x_wconf 85' lang='lat' dir='ltr'><strong>oum</strong></span> <span class='ocrx_word' id='word_1_7' title='bbox 819 508 1015 575; x_wconf 83' lang='lat' dir='ltr'><strong>Blomfieldo.</strong></span> 
     </span>
    </p>

    <p class='ocr_par' dir='ltr' id='par_1_3' title="bbox 243 612 1347 900">
     <span class='ocr_line' id='line_1_3' title="bbox 288 612 1347 701; baseline 0.006 -22"><span class='ocrx_word' id='word_1_8' title='bbox 288 617 364 701; x_wconf 87' lang='lat'><strong>948.</strong></span> <span class='ocrx_word' id='word_1_9' title='bbox 388 617 648 699; x_wconf 84' lang='grc' dir='ltr'>σωματοφθορεῖν]</span> <span class='ocrx_word' id='word_1_10' title='bbox 676 615 716 677; x_wconf 95' lang='lat' dir='ltr'><strong>ln</strong></span> <span class='ocrx_word' id='word_1_11' title='bbox 733 615 776 678; x_wconf 87' lang='lat' dir='ltr'><strong>T.</strong></span> <span class='ocrx_word' id='word_1_12' title='bbox 797 612 841 699; x_wconf 85' lang='lat' dir='ltr'><strong>gl.</strong></span> <span class='ocrx_word' id='word_1_13' title='bbox 863 614 1039 692; x_wconf 74' lang='grc' dir='ltr'>τὰσώματα</span> <span class='ocrx_word' id='word_1_14' title='bbox 1060 614 1347 694; x_wconf 61' lang='lat' dir='ltr'><strong>postponemus&amp;</strong></span> 
     </span>
     <span class='ocr_line' id='line_1_4' title="bbox 244 715 1347 808; baseline 0.004 -26"><span class='ocrx_word' id='word_1_15' title='bbox 244 723 342 802; x_wconf 81' lang='grc' dir='ltr'>χεῖρα.</span> <span class='ocrx_word' id='word_1_16' title='bbox 373 715 578 781; x_wconf 88' lang='lat' dir='ltr'><strong>Scribendum</strong></span> <span class='ocrx_word' id='word_1_17' title='bbox 595 721 875 799; x_wconf 84' lang='grc' dir='ltr'>στροματοφθορεΐν</span> <span class='ocrx_word' id='word_1_18' title='bbox 888 737 960 779; x_wconf 88' lang='lat' dir='ltr'><strong>cum</strong></span> <span class='ocrx_word' id='word_1_19' title='bbox 977 718 1111 779; x_wconf 84' lang='lat' dir='ltr'><strong>Aurnto.</strong></span> <span class='ocrx_word' id='word_1_20' title='bbox 1150 717 1261 783; x_wconf 80' lang='lat' dir='ltr'><strong>Minus</strong></span> <span class='ocrx_word' id='word_1_21' title='bbox 1275 744 1347 808; x_wconf 91' lang='lat' dir='ltr'><strong>pro·</strong></span> 
     </span>
     <span class='ocr_line' id='line_1_5' title="bbox 243 818 856 900; baseline -0.002 -17"><span class='ocrx_word' id='word_1_22' title='bbox 243 819 389 884; x_wconf 80' lang='lat' dir='ltr'><strong>habiliter</strong></span> <span class='ocrx_word' id='word_1_23' title='bbox 406 818 591 883; x_wconf 82' lang='lat' dir='ltr'><strong>Schuetzius</strong></span> <span class='ocrx_word' id='word_1_24' title='bbox 606 822 856 900; x_wconf 79' lang='grc' dir='ltr'>δωματοφθορεῖν.</span> 
     </span>
    </p>

    <p class='ocr_par' dir='ltr' id='par_1_4' title="bbox 288 918 1086 1007">
     <span class='ocr_line' id='line_1_6' title="bbox 288 918 1086 1007; baseline -0.003 -23"><span class='ocrx_word' id='word_1_25' title='bbox 288 919 377 1007; x_wconf 80' lang='grc' dir='ltr'>ποσὶ]</span> <span class='ocrx_word' id='word_1_26' title='bbox 392 921 484 985; x_wconf 86' lang='grc' dir='ltr'>πάσιν</span> <span class='ocrx_word' id='word_1_27' title='bbox 499 921 540 983; x_wconf 93' lang='grc' dir='ltr'><strong>Τ.</strong></span> <span class='ocrx_word' id='word_1_28' title='bbox 559 919 668 1006; x_wconf 85' lang='lat' dir='ltr'><strong>steph.</strong></span> <span class='ocrx_word' id='word_1_29' title='bbox 696 920 736 983; x_wconf 91' lang='lat' dir='ltr'><strong>In</strong></span> <span class='ocrx_word' id='word_1_30' title='bbox 753 921 796 983; x_wconf 89' lang='lat' dir='ltr'><strong>T.</strong></span> <span class='ocrx_word' id='word_1_31' title='bbox 810 918 853 1004; x_wconf 85' lang='lat' dir='ltr'><strong>gl.</strong></span> <span class='ocrx_word' id='word_1_32' title='bbox 869 920 963 999; x_wconf 74' lang='grc' dir='ltr'>ἄνδρα</span> <span class='ocrx_word' id='word_1_33' title='bbox 977 921 1086 986; x_wconf 75' lang='grc' dir='ltr'><strong>ἅπλῶς.</strong></span> 
     </span>
    </p>

    <p class='ocr_par' dir='ltr' id='par_1_5' title="bbox 244 1020 1349 1316">
     <span class='ocr_line' id='line_1_7' title="bbox 290 1020 1349 1110; baseline 0.005 -25"><span class='ocrx_word' id='word_1_34' title='bbox 290 1043 365 1110; x_wconf 91' lang='lat'>949.</span> <span class='ocrx_word' id='word_1_35' title='bbox 395 1021 568 1106; x_wconf 85' lang='grc' dir='ltr'>φθείροντα]</span> <span class='ocrx_word' id='word_1_36' title='bbox 604 1023 679 1086; x_wconf 86' lang='lat' dir='ltr'><strong>Hoc</strong></span> <span class='ocrx_word' id='word_1_37' title='bbox 706 1020 837 1085; x_wconf 85' lang='lat' dir='ltr'><strong>verbum</strong></span> <span class='ocrx_word' id='word_1_38' title='bbox 868 1043 969 1108; x_wconf 93' lang='lat' dir='ltr'><strong>quum</strong></span> <span class='ocrx_word' id='word_1_39' title='bbox 992 1021 1060 1108; x_wconf 85' lang='lat' dir='ltr'><strong>jam</strong></span> <span class='ocrx_word' id='word_1_40' title='bbox 1090 1021 1121 1086; x_wconf 91' lang='lat' dir='ltr'><strong>in</strong></span> <span class='ocrx_word' id='word_1_41' title='bbox 1152 1024 1349 1110; x_wconf 84' lang='lat' dir='ltr'><strong>praecedente</strong></span> 
     </span>
     <span class='ocr_line' id='line_1_8' title="bbox 245 1122 1347 1215; baseline 0.002 -25"><span class='ocrx_word' id='word_1_42' title='bbox 245 1126 343 1191; x_wconf 87' lang='lat' dir='ltr'><strong>verbo</strong></span> <span class='ocrx_word' id='word_1_43' title='bbox 360 1124 556 1190; x_wconf 81' lang='lat' dir='ltr'><strong>oontinestur</strong></span> <span class='ocrx_word' id='word_1_44' title='bbox 570 1128 851 1206; x_wconf 80' lang='grc' dir='ltr'>στρωματοφθσρεῖν</span> <span class='ocrx_word' id='word_1_45' title='bbox 872 1122 937 1187; x_wconf 85' lang='lat' dir='ltr'><strong>sive</strong></span> <span class='ocrx_word' id='word_1_46' title='bbox 958 1123 1001 1186; x_wconf 88' lang='lat' dir='ltr'><strong>sic</strong></span> <span class='ocrx_word' id='word_1_47' title='bbox 1023 1122 1088 1188; x_wconf 80' lang='lat' dir='ltr'><strong>nive</strong></span> <span class='ocrx_word' id='word_1_48' title='bbox 1109 1124 1198 1190; x_wconf 83' lang='lat' dir='ltr'><strong>aliter</strong></span> <span class='ocrx_word' id='word_1_49' title='bbox 1219 1129 1347 1215; x_wconf 77' lang='lat' dir='ltr'><strong>scripto,</strong></span> 
     </span>
     <span class='ocr_line' id='line_1_9' title="bbox 244 1226 1292 1316; baseline 0 -23"><span class='ocrx_word' id='word_1_50' title='bbox 244 1227 350 1316; x_wconf 77' lang='lat' dir='ltr'><strong>aptius</strong></span> <span class='ocrx_word' id='word_1_51' title='bbox 364 1226 425 1291; x_wconf 85' lang='lat' dir='ltr'><strong>dici</strong></span> <span class='ocrx_word' id='word_1_52' title='bbox 439 1226 592 1314; x_wconf 83' lang='lat' dir='ltr'><strong>potuisset</strong></span> <span class='ocrx_word' id='word_1_53' title='bbox 605 1231 765 1290; x_wconf 73' lang='grc' dir='ltr'>πατοῦντα.</span> <span class='ocrx_word' id='word_1_54' title='bbox 787 1228 943 1306; x_wconf 75' lang='grc' dir='ltr'>πορφύρας</span> <span class='ocrx_word' id='word_1_55' title='bbox 956 1232 1063 1290; x_wconf 80' lang='grc' dir='ltr'>πατεῖν</span> <span class='ocrx_word' id='word_1_56' title='bbox 1076 1226 1158 1292; x_wconf 80' lang='lat' dir='ltr'><strong>dixit</strong></span> <span class='ocrx_word' id='word_1_57' title='bbox 1172 1251 1201 1292; x_wconf 87' lang='lat' dir='ltr'><strong>v.</strong></span> <span class='ocrx_word' id='word_1_58' title='bbox 1217 1247 1292 1314; x_wconf 84' lang='grc'><strong>957.</strong></span> 
     </span>
    </p>

    <p class='ocr_par' dir='ltr' id='par_1_6' title="bbox 244 1326 1348 2126">
     <span class='ocr_line' id='line_1_10' title="bbox 290 1326 1348 1416; baseline 0.003 -22"><span class='ocrx_word' id='word_1_59' title='bbox 290 1345 363 1416; x_wconf 94' lang='grc'><strong>950.</strong></span> <span class='ocrx_word' id='word_1_60' title='bbox 378 1327 484 1415; x_wconf 73' lang='grc' dir='ltr'>οὕτως]</span> <span class='ocrx_word' id='word_1_61' title='bbox 500 1330 574 1393; x_wconf 80' lang='grc' dir='ltr'>οὕτω</span> <span class='ocrx_word' id='word_1_62' title='bbox 590 1328 639 1393; x_wconf 89' lang='lat' dir='ltr'><strong>Fl.</strong></span> <span class='ocrx_word' id='word_1_63' title='bbox 657 1329 701 1391; x_wconf 89' lang='grc' dir='ltr'><strong>Τ.</strong></span> <span class='ocrx_word' id='word_1_64' title='bbox 739 1326 874 1413; x_wconf 84' lang='lat' dir='ltr'><strong>Ellipsin</strong></span> <span class='ocrx_word' id='word_1_65' title='bbox 896 1327 940 1390; x_wconf 87' lang='lat' dir='ltr'><strong>its</strong></span> <span class='ocrx_word' id='word_1_66' title='bbox 959 1327 1085 1415; x_wconf 83' lang='lat' dir='ltr'><strong>supplet</strong></span> <span class='ocrx_word' id='word_1_67' title='bbox 1104 1331 1262 1410; x_wconf 87' lang='lat' dir='ltr'><strong>Panwius,</strong></span> <span class='ocrx_word' id='word_1_68' title='bbox 1278 1333 1348 1414; x_wconf 79' lang='grc' dir='ltr'>περὶ</span> 
     </span>
     <span class='ocr_line' id='line_1_11' title="bbox 244 1428 1346 1522; baseline 0 -26"><span class='ocrx_word' id='word_1_69' title='bbox 244 1434 358 1496; x_wconf 77' lang='grc' dir='ltr'>τούτων</span> <span class='ocrx_word' id='word_1_70' title='bbox 391 1433 449 1512; x_wconf 62' lang='grc' dir='ltr'>μὲν</span> <span class='ocrx_word' id='word_1_71' title='bbox 482 1433 583 1509; x_wconf 75' lang='grc' dir='ltr'>οὕτως,</span> <span class='ocrx_word' id='word_1_72' title='bbox 610 1452 684 1515; x_wconf 80' lang='lat' dir='ltr'><strong>quae</strong></span> <span class='ocrx_word' id='word_1_73' title='bbox 719 1428 800 1494; x_wconf 79' lang='lat' dir='ltr'><strong>ratio</strong></span> <span class='ocrx_word' id='word_1_74' title='bbox 830 1451 940 1495; x_wconf 86' lang='lat' dir='ltr'><strong>vereor</strong></span> <span class='ocrx_word' id='word_1_75' title='bbox 969 1442 1005 1494; x_wconf 91' lang='lat' dir='ltr'><strong>ut</strong></span> <span class='ocrx_word' id='word_1_76' title='bbox 1034 1431 1209 1497; x_wconf 85' lang='lat' dir='ltr'><strong>oonfirmari</strong></span> <span class='ocrx_word' id='word_1_77' title='bbox 1238 1435 1346 1522; x_wconf 86' lang='lat' dir='ltr'><strong>possit.</strong></span> 
     </span>
     <span class='ocr_line' id='line_1_12' title="bbox 247 1530 1347 1619; baseline 0.001 -21"><span class='ocrx_word' id='word_1_78' title='bbox 247 1532 416 1598; x_wconf 84' lang='lat' dir='ltr'><strong>Sohutzius</strong></span> <span class='ocrx_word' id='word_1_79' title='bbox 436 1531 562 1619; x_wconf 79' lang='lat' dir='ltr'><strong>conjicit</strong></span> <span class='ocrx_word' id='word_1_80' title='bbox 583 1530 662 1596; x_wconf 82' lang='grc' dir='ltr'>ταῦτ’</span> <span class='ocrx_word' id='word_1_81' title='bbox 685 1533 739 1597; x_wconf 74' lang='grc' dir='ltr'>οὖν</span> <span class='ocrx_word' id='word_1_82' title='bbox 760 1534 817 1606; x_wconf 74' lang='grc' dir='ltr'>μὲν</span> <span class='ocrx_word' id='word_1_83' title='bbox 835 1533 936 1606; x_wconf 74' lang='grc' dir='ltr'>οὕτως.</span> <span class='ocrx_word' id='word_1_84' title='bbox 956 1531 1042 1618; x_wconf 91' lang='lat' dir='ltr'><strong>quod</strong></span> <span class='ocrx_word' id='word_1_85' title='bbox 1061 1532 1093 1596; x_wconf 89' lang='lat' dir='ltr'><strong>in</strong></span> <span class='ocrx_word' id='word_1_86' title='bbox 1116 1548 1238 1599; x_wconf 83' lang='lat' dir='ltr'><strong>textum</strong></span> <span class='ocrx_word' id='word_1_87' title='bbox 1263 1558 1347 1600; x_wconf 80' lang='lat' dir='ltr'><strong>rere·</strong></span> 
     </span>
     <span class='ocr_line' id='line_1_13' title="bbox 245 1632 1345 1724; baseline 0.002 -25"><span class='ocrx_word' id='word_1_88' title='bbox 245 1635 370 1724; x_wconf 87' lang='lat' dir='ltr'><strong>pissem,</strong></span> <span class='ocrx_word' id='word_1_89' title='bbox 394 1633 452 1698; x_wconf 80' lang='lat' dir='ltr'><strong>nisi</strong></span> <span class='ocrx_word' id='word_1_90' title='bbox 473 1632 634 1698; x_wconf 88' lang='lat' dir='ltr'><strong>offensioni</strong></span> <span class='ocrx_word' id='word_1_91' title='bbox 660 1632 793 1697; x_wconf 85' lang='lat' dir='ltr'><strong>fuissent</strong></span> <span class='ocrx_word' id='word_1_92' title='bbox 815 1632 977 1719; x_wconf 79' lang='lat' dir='ltr'><strong>perticulae</strong></span> <span class='ocrx_word' id='word_1_93' title='bbox 1001 1635 1054 1699; x_wconf 77' lang='grc' dir='ltr'>οὖν</span> <span class='ocrx_word' id='word_1_94' title='bbox 1076 1637 1133 1715; x_wconf 74' lang='grc' dir='ltr'>μὲν</span> <span class='ocrx_word' id='word_1_95' title='bbox 1156 1635 1199 1700; x_wconf 88' lang='lat' dir='ltr'><strong>sic</strong></span> <span class='ocrx_word' id='word_1_96' title='bbox 1225 1636 1345 1724; x_wconf 83' lang='lat' dir='ltr'><strong>positoe.</strong></span> 
     </span>
     <span class='ocr_line' id='line_1_14' title="bbox 246 1733 1345 1824; baseline 0.002 -23"><span class='ocrx_word' id='word_1_97' title='bbox 246 1737 383 1824; x_wconf 85' lang='lat' dir='ltr'><strong>Propius</strong></span> <span class='ocrx_word' id='word_1_98' title='bbox 398 1759 471 1800; x_wconf 83' lang='lat' dir='ltr'><strong>sane</strong></span> <span class='ocrx_word' id='word_1_99' title='bbox 484 1735 603 1800; x_wconf 84' lang='lat' dir='ltr'><strong>aocedit</strong></span> <span class='ocrx_word' id='word_1_100' title='bbox 617 1735 657 1800; x_wconf 81' lang='lat' dir='ltr'><strong>ad</strong></span> <span class='ocrx_word' id='word_1_101' title='bbox 674 1735 818 1801; x_wconf 79' lang='lat' dir='ltr'><strong>usitatam</strong></span> <span class='ocrx_word' id='word_1_102' title='bbox 832 1733 1011 1799; x_wconf 76' lang='lat' dir='ltr'><strong>formulam.</strong></span> <span class='ocrx_word' id='word_1_103' title='bbox 1049 1735 1141 1801; x_wconf 84' lang='lat' dir='ltr'><strong>Plato</strong></span> <span class='ocrx_word' id='word_1_104' title='bbox 1157 1737 1278 1823; x_wconf 83' lang='lat' dir='ltr'><strong>Cratyl.</strong></span> <span class='ocrx_word' id='word_1_105' title='bbox 1295 1740 1345 1803; x_wconf 90' lang='lat'><strong>18.</strong></span> 
     </span>
     <span class='ocr_line' id='line_1_15' title="bbox 247 1837 1346 1927; baseline 0.002 -24"><span class='ocrx_word' id='word_1_106' title='bbox 247 1840 295 1903; x_wconf 78' lang='grc' dir='ltr'>καὶ</span> <span class='ocrx_word' id='word_1_107' title='bbox 309 1845 402 1903; x_wconf 82' lang='grc' dir='ltr'>ταῦτα</span> <span class='ocrx_word' id='word_1_108' title='bbox 416 1839 473 1918; x_wconf 73' lang='grc' dir='ltr'>μὲν</span> <span class='ocrx_word' id='word_1_109' title='bbox 487 1838 522 1916; x_wconf 76' lang='grc' dir='ltr'><strong>δὴ</strong></span> <span class='ocrx_word' id='word_1_110' title='bbox 536 1840 636 1924; x_wconf 63' lang='grc' dir='ltr'>ταύτῃ.</span> <span class='ocrx_word' id='word_1_111' title='bbox 660 1837 783 1901; x_wconf 84' lang='lat' dir='ltr'>Herod.</span> <span class='ocrx_word' id='word_1_112' title='bbox 800 1855 831 1916; x_wconf 86' lang='lat'><strong>2,</strong></span> <span class='ocrx_word' id='word_1_113' title='bbox 848 1838 900 1901; x_wconf 91' lang='lat'><strong>60.</strong></span> <span class='ocrx_word' id='word_1_114' title='bbox 916 1841 1009 1901; x_wconf 78' lang='grc' dir='ltr'>ταῦτα</span> <span class='ocrx_word' id='word_1_115' title='bbox 1022 1841 1079 1918; x_wconf 68' lang='grc' dir='ltr'>μὲν</span> <span class='ocrx_word' id='word_1_116' title='bbox 1093 1838 1129 1918; x_wconf 71' lang='grc' dir='ltr'><strong>δὴ</strong></span> <span class='ocrx_word' id='word_1_117' title='bbox 1144 1842 1234 1927; x_wconf 79' lang='grc' dir='ltr'>ταύτῃ</span> <span class='ocrx_word' id='word_1_118' title='bbox 1248 1841 1346 1906; x_wconf 87' lang='grc' dir='ltr'>ποιέε-</span> 
     </span>
     <span class='ocr_line' id='line_1_16' title="bbox 245 1938 1345 2025; baseline 0.002 -21"><span class='ocrx_word' id='word_1_119' title='bbox 245 1965 304 2004; x_wconf 89' lang='grc' dir='ltr'>ται.</span> <span class='ocrx_word' id='word_1_120' title='bbox 327 1940 501 2003; x_wconf 90' lang='lat' dir='ltr'><strong>BLOMF.</strong></span> <span class='ocrx_word' id='word_1_121' title='bbox 538 1939 649 2019; x_wconf 79' lang='grc' dir='ltr'>τούμὸν</span> <span class='ocrx_word' id='word_1_122' title='bbox 662 1940 719 2018; x_wconf 78' lang='grc' dir='ltr'>μὲν</span> <span class='ocrx_word' id='word_1_123' title='bbox 739 1940 830 2005; x_wconf 72' lang='grc' dir='ltr'>οὕτως</span> <span class='ocrx_word' id='word_1_124' title='bbox 852 1939 1022 2025; x_wconf 86' lang='lat' dir='ltr'><strong>Emperius</strong></span> <span class='ocrx_word' id='word_1_125' title='bbox 1043 1938 1076 2003; x_wconf 91' lang='lat' dir='ltr'><strong>in</strong></span> <span class='ocrx_word' id='word_1_126' title='bbox 1099 1941 1345 2007; x_wconf 85' lang='lat' dir='ltr'><strong>Zimmermanni</strong></span> 
     </span>
     <span class='ocr_line' id='line_1_17' title="bbox 246 2039 642 2126; baseline -0.005 -21"><span class='ocrx_word' id='word_1_127' title='bbox 246 2039 357 2105; x_wconf 78' lang='lat' dir='ltr'><strong>Diario</strong></span> <span class='ocrx_word' id='word_1_128' title='bbox 372 2063 399 2104; x_wconf 87' lang='grc' dir='ltr'><strong>α.</strong></span> <span class='ocrx_word' id='word_1_129' title='bbox 415 2041 506 2124; x_wconf 85' lang='lat'><strong>1835.</strong></span> <span class='ocrx_word' id='word_1_130' title='bbox 522 2062 556 2126; x_wconf 93' lang='lat' dir='ltr'><strong>p.</strong></span> <span class='ocrx_word' id='word_1_131' title='bbox 569 2042 642 2124; x_wconf 85' lang='lat'><strong>630.</strong></span> 
     </span>
    </p>

    <p class='ocr_par' dir='ltr' id='par_1_7' title="bbox 290 2141 1207 2228">
     <span class='ocr_line' id='line_1_18' title="bbox 290 2141 1207 2228; baseline 0.004 -24"><span class='ocrx_word' id='word_1_132' title='bbox 290 2158 363 2227; x_wconf 73' lang='lat'><strong>954</strong></span> <span class='ocrx_word' id='word_1_133' title='bbox 379 2142 465 2225; x_wconf 77' lang='grc' dir='ltr'>αι’ττη]</span> <span class='ocrx_word' id='word_1_134' title='bbox 483 2142 583 2205; x_wconf 86' lang='lat' dir='ltr'><strong>Recte</strong></span> <span class='ocrx_word' id='word_1_135' title='bbox 598 2143 670 2220; x_wconf 80' lang='grc' dir='ltr'>αὕτη</span> <span class='ocrx_word' id='word_1_136' title='bbox 683 2163 860 2228; x_wconf 75' lang='lat' dir='ltr'><strong>anonymus</strong></span> <span class='ocrx_word' id='word_1_137' title='bbox 874 2142 960 2228; x_wconf 82' lang='lat' dir='ltr'><strong>apud</strong></span> <span class='ocrx_word' id='word_1_138' title='bbox 976 2141 1207 2208; x_wconf 83' lang='lat' dir='ltr'><strong>Blomfieldum.</strong></span> 
     </span>
    </p>

    <p class='ocr_par' dir='ltr' id='par_1_8' title="bbox 246 2242 1347 2641">
     <span class='ocr_line' id='line_1_19' title="bbox 290 2242 1347 2334; baseline 0.005 -27"><span class='ocrx_word' id='word_1_139' title='bbox 290 2245 363 2327; x_wconf 85' lang='lat'><strong>956.</strong></span> <span class='ocrx_word' id='word_1_140' title='bbox 379 2242 610 2327; x_wconf 87' lang='grc' dir='ltr'>κατέστραμμαι]</span> <span class='ocrx_word' id='word_1_141' title='bbox 626 2243 780 2331; x_wconf 77' lang='lat' dir='ltr'><strong>thigor.</strong></span> <span class='ocrx_word' id='word_1_142' title='bbox 805 2244 888 2307; x_wconf 89' lang='lat' dir='ltr'><strong>Cum</strong></span> <span class='ocrx_word' id='word_1_143' title='bbox 904 2243 1070 2322; x_wconf 81' lang='lat' dir='ltr'><strong>infinitivo,</strong></span> <span class='ocrx_word' id='word_1_144' title='bbox 1086 2246 1165 2310; x_wconf 88' lang='lat' dir='ltr'><strong>sicut</strong></span> <span class='ocrx_word' id='word_1_145' title='bbox 1179 2270 1231 2334; x_wconf 79' lang='lat' dir='ltr'><strong>sp.</strong></span> <span class='ocrx_word' id='word_1_146' title='bbox 1244 2250 1347 2312; x_wconf 81' lang='lat' dir='ltr'><strong>Hero</strong></span> 
     </span>
     <span class='ocr_line' id='line_1_20' title="bbox 246 2342 1347 2431; baseline 0.004 -21"><span class='ocrx_word' id='word_1_147' title='bbox 246 2345 311 2410; x_wconf 88' lang='lat' dir='ltr'><strong>dot.</strong></span> <span class='ocrx_word' id='word_1_148' title='bbox 329 2361 358 2428; x_wconf 89' lang='lat'><strong>7,</strong></span> <span class='ocrx_word' id='word_1_149' title='bbox 370 2362 423 2429; x_wconf 85' lang='lat'><strong>51.</strong></span> <span class='ocrx_word' id='word_1_150' title='bbox 441 2342 693 2426; x_wconf 79' lang='grc' dir='ltr'>Κῦρος-Ἰονίην</span> <span class='ocrx_word' id='word_1_151' title='bbox 706 2344 807 2426; x_wconf 84' lang='grc' dir='ltr'>πάσην</span> <span class='ocrx_word' id='word_1_152' title='bbox 821 2346 1046 2429; x_wconf 73' lang='grc' dir='ltr'>κατεστρέψατο</span> <span class='ocrx_word' id='word_1_153' title='bbox 1060 2351 1254 2431; x_wconf 81' lang='grc' dir='ltr'>δασμοφόρον</span> <span class='ocrx_word' id='word_1_154' title='bbox 1270 2351 1347 2415; x_wconf 86' lang='grc' dir='ltr'>εἶναι</span> 
     </span>
     <span class='ocr_line' id='line_1_21' title="bbox 246 2446 1344 2537; baseline 0.005 -25"><span class='ocrx_word' id='word_1_155' title='bbox 246 2448 394 2531; x_wconf 84' lang='grc' dir='ltr'>Πέρσησι.</span> <span class='ocrx_word' id='word_1_156' title='bbox 418 2447 592 2512; x_wconf 89' lang='lat' dir='ltr'><strong>BLOMF.</strong></span> <span class='ocrx_word' id='word_1_157' title='bbox 630 2446 812 2530; x_wconf 87' lang='grc' dir='ltr'>κατέσταμαι</span> <span class='ocrx_word' id='word_1_158' title='bbox 826 2449 869 2512; x_wconf 90' lang='lat' dir='ltr'><strong>T.</strong></span> <span class='ocrx_word' id='word_1_159' title='bbox 885 2471 957 2512; x_wconf 86' lang='lat' dir='ltr'><strong>cum</strong></span> <span class='ocrx_word' id='word_1_160' title='bbox 979 2449 1021 2537; x_wconf 86' lang='lat' dir='ltr'><strong>gl.</strong></span> <span class='ocrx_word' id='word_1_161' title='bbox 1041 2448 1174 2516; x_wconf 86' lang='grc' dir='ltr'>Ἰωνικὸν</span> <span class='ocrx_word' id='word_1_162' title='bbox 1189 2452 1344 2531; x_wconf 78' lang='grc' dir='ltr'>κατέστην.</span> 
     </span>
     <span class='ocr_line' id='line_1_22' title="bbox 247 2548 1344 2641; baseline 0.001 -26"><span class='ocrx_word' id='word_1_163' title='bbox 247 2552 365 2633; x_wconf 75' lang='grc' dir='ltr'>εὕρηται</span> <span class='ocrx_word' id='word_1_164' title='bbox 379 2549 427 2614; x_wconf 84' lang='grc' dir='ltr'>καὶ</span> <span class='ocrx_word' id='word_1_165' title='bbox 442 2549 671 2631; x_wconf 86' lang='grc' dir='ltr'>κατέστραμμαι.</span> <span class='ocrx_word' id='word_1_166' title='bbox 697 2548 880 2631; x_wconf 84' lang='grc' dir='ltr'>καθέσταμαι</span> <span class='ocrx_word' id='word_1_167' title='bbox 893 2549 925 2613; x_wconf 90' lang='lat' dir='ltr'><strong>in</strong></span> <span class='ocrx_word' id='word_1_168' title='bbox 941 2549 1058 2615; x_wconf 87' lang='lat' dir='ltr'><strong>scholio</strong></span> <span class='ocrx_word' id='word_1_169' title='bbox 1071 2553 1157 2640; x_wconf 83' lang='lat' dir='ltr'><strong>apud</strong></span> <span class='ocrx_word' id='word_1_170' title='bbox 1174 2556 1221 2619; x_wconf 90' lang='lat' dir='ltr'><strong>H.</strong></span> <span class='ocrx_word' id='word_1_171' title='bbox 1236 2553 1344 2641; x_wconf 82' lang='lat' dir='ltr'><strong>steph.</strong></span> 
     </span>
    </p>
   </div>
   <div class='ocr_carea' id='block_1_3' title="bbox 255 2647 1347 2846">
    <p class='ocr_par' dir='ltr' id='par_1_9' title="bbox 255 2647 1347 2846">
     <span class='ocr_line' id='line_1_23' title="bbox 287 2647 685 2744; baseline -0.008 -20"><span class='ocrx_word' id='word_1_172' title='bbox 287 2674 364 2744; x_wconf 87' lang='lat'><strong>957.</strong></span> <span class='ocrx_word' id='word_1_173' title='bbox 380 2656 494 2744; x_wconf 79' lang='grc' dir='ltr'>δόμων]</span> <span class='ocrx_word' id='word_1_174' title='bbox 510 2647 617 2737; x_wconf 57' lang='lat' dir='ltr'><strong>heilwih</strong></span> <span class='ocrx_word' id='word_1_175' title='bbox 632 2659 685 2722; x_wconf 90' lang='lat' dir='ltr'><strong>Fl.</strong></span> 
     </span>
     <span class='ocr_line' id='line_1_24' title="bbox 255 2756 1347 2846; baseline 0.005 -22"><span class='ocrx_word' id='word_1_176' title='bbox 255 2756 260 2762; x_wconf 48' lang='lat'>⁵</span> <span class='ocrx_word' id='word_1_177' title='bbox 290 2779 364 2842; x_wconf 83' lang='lat'><strong>959.</strong></span> <span class='ocrx_word' id='word_1_178' title='bbox 387 2758 549 2840; x_wconf 79' lang='grc' dir='ltr'>ἰσάργυρον</span> <span class='ocrx_word' id='word_1_179' title='bbox 572 2758 741 2823; x_wconf 79' lang='lat' dir='ltr'>Salmasius</span> <span class='ocrx_word' id='word_1_180' title='bbox 762 2759 901 2823; x_wconf 86' lang='lat' dir='ltr'><strong>Exercit.</strong></span> <span class='ocrx_word' id='word_1_181' title='bbox 919 2758 999 2825; x_wconf 92' lang='lat' dir='ltr'><strong>Plin.</strong></span> <span class='ocrx_word' id='word_1_182' title='bbox 1021 2782 1052 2846; x_wconf 88' lang='lat' dir='ltr'><strong>p.</strong></span> <span class='ocrx_word' id='word_1_183' title='bbox 1067 2763 1143 2842; x_wconf 90' lang='lat'><strong>418.</strong></span> <span class='ocrx_word' id='word_1_184' title='bbox 1160 2765 1202 2831; x_wconf 77' lang='grc' dir='ltr'><strong>εἰς</strong></span> <span class='ocrx_word' id='word_1_185' title='bbox 1216 2765 1347 2845; x_wconf 79' lang='grc' dir='ltr'>ἄργυρον</span> 
     </span>
    </p>
   </div>
   <div class='ocr_carea' id='block_1_4' title="bbox 245 2859 1347 3355">
    <p class='ocr_par' dir='ltr' id='par_1_10' title="bbox 245 2859 1347 3355">
     <span class='ocr_line' id='line_1_25' title="bbox 246 2859 1343 2950; baseline 0.008 -28"><span class='ocrx_word' id='word_1_186' title='bbox 246 2859 328 2924; x_wconf 85' lang='lat' dir='ltr'><strong>libri.</strong></span> <span class='ocrx_word' id='word_1_187' title='bbox 352 2866 374 2899; x_wconf 77' lang='lat'><strong>‘⁴</strong></span> <span class='ocrx_word' id='word_1_188' title='bbox 384 2859 598 2925; x_wconf 82' lang='lat' dir='ltr'><strong>Antiatticista</strong></span> <span class='ocrx_word' id='word_1_189' title='bbox 612 2860 643 2924; x_wconf 89' lang='lat' dir='ltr'><strong>in</strong></span> <span class='ocrx_word' id='word_1_190' title='bbox 659 2860 795 2926; x_wconf 83' lang='lat' dir='ltr'><strong>Bekkeri</strong></span> <span class='ocrx_word' id='word_1_191' title='bbox 810 2861 933 2927; x_wconf 78' lang='lat' dir='ltr'><strong>Anecd.</strong></span> <span class='ocrx_word' id='word_1_192' title='bbox 948 2885 980 2950; x_wconf 88' lang='lat' dir='ltr'><strong>p.</strong></span> <span class='ocrx_word' id='word_1_193' title='bbox 1001 2883 1072 2942; x_wconf 91' lang='lat'>100,</span> <span class='ocrx_word' id='word_1_194' title='bbox 1089 2883 1140 2930; x_wconf 84' lang='lat'><strong>21.</strong></span> <span class='ocrx_word' id='word_1_195' title='bbox 1154 2863 1343 2948; x_wconf 83' lang='grc' dir='ltr'>Ἰσάργυρον,</span> 
     </span>
     <span class='ocr_line' id='line_1_26' title="bbox 247 2962 1346 3053; baseline 0.005 -25"><span class='ocrx_word' id='word_1_196' title='bbox 247 2965 430 3047; x_wconf 80' lang='grc' dir='ltr'>ἰσάχρυσον;</span> <span class='ocrx_word' id='word_1_197' title='bbox 454 2962 521 3027; x_wconf 75' lang='grc' dir='ltr'>ἀντὶ</span> <span class='ocrx_word' id='word_1_198' title='bbox 545 2967 598 3026; x_wconf 80' lang='grc' dir='ltr'><strong>τοῦ</strong></span> <span class='ocrx_word' id='word_1_199' title='bbox 621 2965 793 3044; x_wconf 89' lang='grc' dir='ltr'>πολυτίμου.</span> <span class='ocrx_word' id='word_1_200' title='bbox 831 2962 1060 3052; x_wconf 84' lang='lat' dir='ltr'><strong>Theopompus</strong></span> <span class='ocrx_word' id='word_1_201' title='bbox 1081 2989 1131 3053; x_wconf 82' lang='lat' dir='ltr'><strong>sp.</strong></span> <span class='ocrx_word' id='word_1_202' title='bbox 1155 2967 1274 3031; x_wconf 86' lang='lat' dir='ltr'><strong>Athen.</strong></span> <span class='ocrx_word' id='word_1_203' title='bbox 1297 2989 1346 3036; x_wconf 84' lang='lat'><strong>12.</strong></span> 
     </span>
     <span class='ocr_line' id='line_1_27' title="bbox 246 3064 1347 3153; baseline 0.005 -23"><span class='ocrx_word' id='word_1_204' title='bbox 246 3089 279 3153; x_wconf 90' lang='lat' dir='ltr'><strong>p.</strong></span> <span class='ocrx_word' id='word_1_205' title='bbox 296 3067 367 3150; x_wconf 88' lang='grc'><strong>256.</strong></span> <span class='ocrx_word' id='word_1_206' title='bbox 385 3067 422 3129; x_wconf 89' lang='lat' dir='ltr'><strong>C.</strong></span> <span class='ocrx_word' id='word_1_207' title='bbox 446 3064 620 3133; x_wconf 74' lang='grc' dir='ltr'>ἰσοστάσιος</span> <span class='ocrx_word' id='word_1_208' title='bbox 638 3070 696 3148; x_wconf 75' lang='grc' dir='ltr'><strong>γάρ</strong></span> <span class='ocrx_word' id='word_1_209' title='bbox 717 3066 791 3148; x_wconf 80' lang='grc' dir='ltr'><strong>1]νὴ</strong></span> <span class='ocrx_word' id='word_1_210' title='bbox 811 3068 950 3149; x_wconf 79' lang='grc' dir='ltr'>πορφύρα</span> <span class='ocrx_word' id='word_1_211' title='bbox 972 3067 1047 3149; x_wconf 81' lang='grc' dir='ltr'>πρὸς</span> <span class='ocrx_word' id='word_1_212' title='bbox 1065 3069 1194 3151; x_wconf 74' lang='grc' dir='ltr'>ἄργυρον</span> <span class='ocrx_word' id='word_1_213' title='bbox 1215 3070 1347 3148; x_wconf 73' lang='grc' dir='ltr'>ἐξεταζο-</span> 
     </span>
     <span class='ocr_line' id='line_1_28' title="bbox 245 3166 1346 3257; baseline 0.005 -26"><span class='ocrx_word' id='word_1_214' title='bbox 245 3167 332 3248; x_wconf 89' lang='grc' dir='ltr'>μένη,</span> <span class='ocrx_word' id='word_1_215' title='bbox 356 3166 495 3232; x_wconf 79' lang='lat' dir='ltr'><strong>Stanleio</strong></span> <span class='ocrx_word' id='word_1_216' title='bbox 515 3166 672 3231; x_wconf 77' lang='lat' dir='ltr'><strong>laudatus.</strong></span> <span class='ocrx_word' id='word_1_217' title='bbox 711 3166 783 3231; x_wconf 89' lang='lat' dir='ltr'><strong>Vid.</strong></span> <span class='ocrx_word' id='word_1_218' title='bbox 799 3167 952 3255; x_wconf 82' lang='lat' dir='ltr'><strong>Heringae</strong></span> <span class='ocrx_word' id='word_1_219' title='bbox 967 3168 1043 3234; x_wconf 88' lang='lat' dir='ltr'><strong>Obs.</strong></span> <span class='ocrx_word' id='word_1_220' title='bbox 1059 3193 1092 3257; x_wconf 92' lang='lat' dir='ltr'><strong>p.</strong></span> <span class='ocrx_word' id='word_1_221' title='bbox 1110 3174 1182 3249; x_wconf 86' lang='lat'><strong>276.</strong></span> <span class='ocrx_word' id='word_1_222' title='bbox 1206 3171 1346 3236; x_wconf 81' lang='lat' dir='ltr'><strong>Achaeus</strong></span> 
     </span>
     <span class='ocr_line' id='line_1_29' title="bbox 247 3268 1346 3355; baseline 0.004 -22"><span class='ocrx_word' id='word_1_223' title='bbox 247 3269 368 3335; x_wconf 83' lang='lat' dir='ltr'><strong>Athen.</strong></span> <span class='ocrx_word' id='word_1_224' title='bbox 388 3284 438 3354; x_wconf 90' lang='grc'><strong>15.</strong></span> <span class='ocrx_word' id='word_1_225' title='bbox 455 3291 486 3355; x_wconf 89' lang='lat' dir='ltr'><strong>p.</strong></span> <span class='ocrx_word' id='word_1_226' title='bbox 503 3269 577 3353; x_wconf 90' lang='lat'><strong>689.</strong></span> <span class='ocrx_word' id='word_1_227' title='bbox 595 3271 633 3333; x_wconf 83' lang='lat' dir='ltr'><strong>li.</strong></span> <span class='ocrx_word' id='word_1_228' title='bbox 655 3268 816 3352; x_wconf 81' lang='grc' dir='ltr'>ίσάργυράν</span> <span class='ocrx_word' id='word_1_229' title='bbox 837 3268 862 3334; x_wconf 85' lang='grc' dir='ltr'>τ’</span> <span class='ocrx_word' id='word_1_230' title='bbox 879 3272 910 3337; x_wconf 76' lang='grc' dir='ltr'><strong>έν</strong></span> <span class='ocrx_word' id='word_1_231' title='bbox 930 3276 1019 3353; x_wconf 79' lang='grc' dir='ltr'>χεῖρα</span> <span class='ocrx_word' id='word_1_232' title='bbox 1034 3274 1164 3353; x_wconf 82' lang='grc' dir='ltr'>Κυπρίου</span> <span class='ocrx_word' id='word_1_233' title='bbox 1177 3275 1264 3337; x_wconf 88' lang='grc' dir='ltr'>λίθου</span> <span class='ocrx_word' id='word_1_234' title='bbox 1280 3276 1346 3338; x_wconf 80' lang='grc' dir='ltr'>Δοί-</span> 
     </span>
    </p>
   </div>
   <div class='ocr_carea' id='block_1_5' title="bbox 247 3370 1347 3764">
    <p class='ocr_par' dir='ltr' id='par_1_11' title="bbox 247 3370 1346 3559">
     <span class='ocr_line' id='line_1_30' title="bbox 247 3370 1346 3455; baseline 0.005 -21"><span class='ocrx_word' id='word_1_235' title='bbox 247 3397 335 3436; x_wconf 91' lang='grc' dir='ltr'>σουσι</span> <span class='ocrx_word' id='word_1_236' title='bbox 350 3373 475 3450; x_wconf 85' lang='grc' dir='ltr'>κόσμον,</span> <span class='ocrx_word' id='word_1_237' title='bbox 490 3370 641 3454; x_wconf 75' lang='grc' dir='ltr'>χριμάτων</span> <span class='ocrx_word' id='word_1_238' title='bbox 654 3371 680 3434; x_wconf 81' lang='grc' dir='ltr'>τ’</span> <span class='ocrx_word' id='word_1_239' title='bbox 695 3373 875 3454; x_wconf 78' lang='grc' dir='ltr'>Αἰγυπτίαν.</span> <span class='ocrx_word' id='word_1_240' title='bbox 911 3370 962 3436; x_wconf 89' lang='lat' dir='ltr'><strong>Sic</strong></span> <span class='ocrx_word' id='word_1_241' title='bbox 985 3373 1145 3455; x_wconf 77' lang='grc' dir='ltr'>ἰσόχρυσος</span> <span class='ocrx_word' id='word_1_242' title='bbox 1159 3374 1346 3439; x_wconf 83' lang='lat' dir='ltr'><strong>Archestra·</strong></span> 
     </span>
     <span class='ocr_line' id='line_1_31' title="bbox 247 3471 1222 3559; baseline 0 -21"><span class='ocrx_word' id='word_1_243' title='bbox 247 3487 299 3539; x_wconf 87' lang='lat' dir='ltr'><strong>tus</strong></span> <span class='ocrx_word' id='word_1_244' title='bbox 314 3471 432 3537; x_wconf 83' lang='lat' dir='ltr'><strong>Athen.</strong></span> <span class='ocrx_word' id='word_1_245' title='bbox 448 3488 477 3556; x_wconf 87' lang='lat'><strong>7.</strong></span> <span class='ocrx_word' id='word_1_246' title='bbox 494 3495 526 3559; x_wconf 91' lang='lat' dir='ltr'><strong>p.</strong></span> <span class='ocrx_word' id='word_1_247' title='bbox 540 3486 614 3559; x_wconf 79' lang='lat'><strong>305.</strong></span> <span class='ocrx_word' id='word_1_248' title='bbox 631 3474 673 3537; x_wconf 89' lang='lat' dir='ltr'><strong>E.</strong></span> <span class='ocrx_word' id='word_1_249' title='bbox 698 3473 750 3537; x_wconf 85' lang='lat' dir='ltr'><strong>Cf.</strong></span> <span class='ocrx_word' id='word_1_250' title='bbox 766 3472 859 3537; x_wconf 78' lang='lat' dir='ltr'><strong>Iliad.</strong></span> <span class='ocrx_word' id='word_1_251' title='bbox 875 3479 914 3537; x_wconf 90' lang='lat' dir='ltr'><strong>X.</strong></span> <span class='ocrx_word' id='word_1_252' title='bbox 928 3473 1023 3558; x_wconf 81' lang='lat'><strong>351.&#39;&#39;</strong></span> <span class='ocrx_word' id='word_1_253' title='bbox 1046 3473 1222 3538; x_wconf 87' lang='lat' dir='ltr'><strong>BLOMF.</strong></span> 
     </span>
    </p>

    <p class='ocr_par' dir='ltr' id='par_1_12' title="bbox 247 3572 1347 3764">
     <span class='ocr_line' id='line_1_32' title="bbox 290 3572 1347 3664; baseline 0 -23"><span class='ocrx_word' id='word_1_254' title='bbox 290 3578 365 3660; x_wconf 89' lang='lat'><strong>960.</strong></span> <span class='ocrx_word' id='word_1_255' title='bbox 380 3581 482 3656; x_wconf 82' lang='grc' dir='ltr'>κηκῖδα</span> <span class='ocrx_word' id='word_1_256' title='bbox 495 3577 711 3658; x_wconf 84' lang='grc' dir='ltr'>παγκαίνιστον</span> <span class='ocrx_word' id='word_1_257' title='bbox 725 3596 900 3662; x_wconf 82' lang='lat' dir='ltr'><strong>purpuram</strong></span> <span class='ocrx_word' id='word_1_258' title='bbox 916 3572 992 3638; x_wconf 89' lang='lat' dir='ltr'><strong>dicit</strong></span> <span class='ocrx_word' id='word_1_259' title='bbox 1006 3575 1097 3660; x_wconf 86' lang='lat' dir='ltr'><strong>cujus</strong></span> <span class='ocrx_word' id='word_1_260' title='bbox 1115 3575 1185 3640; x_wconf 82' lang='lat' dir='ltr'><strong>talis</strong></span> <span class='ocrx_word' id='word_1_261' title='bbox 1198 3590 1245 3641; x_wconf 86' lang='lat' dir='ltr'><strong>est</strong></span> <span class='ocrx_word' id='word_1_262' title='bbox 1257 3577 1347 3664; x_wconf 80' lang='lat' dir='ltr'><strong>copie</strong></span> 
     </span>
     <span class='ocr_line' id='line_1_33' title="bbox 247 3675 1102 3764; baseline 0 -22"><span class='ocrx_word' id='word_1_263' title='bbox 247 3692 284 3742; x_wconf 92' lang='lat' dir='ltr'><strong>ut</strong></span> <span class='ocrx_word' id='word_1_264' title='bbox 298 3701 335 3742; x_wconf 82' lang='lat' dir='ltr'><strong>ea</strong></span> <span class='ocrx_word' id='word_1_265' title='bbox 349 3700 470 3764; x_wconf 78' lang='lat' dir='ltr'><strong>semper</strong></span> <span class='ocrx_word' id='word_1_266' title='bbox 485 3677 601 3740; x_wconf 82' lang='lat' dir='ltr'><strong>recenti</strong></span> <span class='ocrx_word' id='word_1_267' title='bbox 615 3675 718 3763; x_wconf 86' lang='lat' dir='ltr'><strong>quivis</strong></span> <span class='ocrx_word' id='word_1_268' title='bbox 733 3676 779 3739; x_wconf 88' lang='lat' dir='ltr'><strong>uti</strong></span> <span class='ocrx_word' id='word_1_269' title='bbox 795 3676 902 3762; x_wconf 83' lang='lat' dir='ltr'><strong>possit.</strong></span> <span class='ocrx_word' id='word_1_270' title='bbox 927 3676 1102 3742; x_wconf 87' lang='lat' dir='ltr'><strong>BLOMF.</strong></span> 
     </span>
    </p>
   </div>
   <div class='ocr_carea' id='block_1_6' title="bbox 231 3776 1348 4576">
    <p class='ocr_par' dir='ltr' id='par_1_13' title="bbox 291 3776 854 3865">
     <span class='ocr_line' id='line_1_34' title="bbox 291 3776 854 3865; baseline -0.002 -22"><span class='ocrx_word' id='word_1_271' title='bbox 291 3782 365 3865; x_wconf 91' lang='lat'><strong>961.</strong></span> <span class='ocrx_word' id='word_1_272' title='bbox 380 3781 471 3845; x_wconf 79' lang='grc' dir='ltr'>σίκαις</span> <span class='ocrx_word' id='word_1_273' title='bbox 485 3780 654 3842; x_wconf 86' lang='lat' dir='ltr'><strong>Porsonus.</strong></span> <span class='ocrx_word' id='word_1_274' title='bbox 678 3777 759 3844; x_wconf 73' lang='grc' dir='ltr'>οἶκος</span> <span class='ocrx_word' id='word_1_275' title='bbox 772 3776 854 3842; x_wconf 84' lang='lat' dir='ltr'><strong>libri.</strong></span> 
     </span>
    </p>

    <p class='ocr_par' dir='ltr' id='par_1_14' title="bbox 291 3876 992 3963">
     <span class='ocr_line' id='line_1_35' title="bbox 291 3876 992 3963; baseline 0.003 -21"><span class='ocrx_word' id='word_1_276' title='bbox 291 3881 365 3963; x_wconf 85' lang='lat'><strong>963.</strong></span> <span class='ocrx_word' id='word_1_277' title='bbox 380 3876 404 3942; x_wconf 84' lang='grc' dir='ltr'><strong>δ’</strong></span> <span class='ocrx_word' id='word_1_278' title='bbox 420 3877 547 3958; x_wconf 74' lang='grc' dir='ltr'>εἱμάτων</span> <span class='ocrx_word' id='word_1_279' title='bbox 562 3879 727 3942; x_wconf 86' lang='lat' dir='ltr'><strong>Canterus.</strong></span> <span class='ocrx_word' id='word_1_280' title='bbox 751 3877 896 3959; x_wconf 82' lang='grc' dir='ltr'>δειμάτων</span> <span class='ocrx_word' id='word_1_281' title='bbox 911 3877 992 3944; x_wconf 87' lang='lat' dir='ltr'><strong>libri.</strong></span> 
     </span>
    </p>

    <p class='ocr_par' dir='ltr' id='par_1_15' title="bbox 289 3979 702 4067">
     <span class='ocr_line' id='line_1_36' title="bbox 289 3979 702 4067; baseline 0.012 -7"><span class='ocrx_word' id='word_1_282' title='bbox 289 3979 435 4067; x_wconf 61' lang='lat' dir='ltr'><strong>nediu]</strong></span> <span class='ocrx_word' id='word_1_283' title='bbox 454 3979 581 4059; x_wconf 69' lang='grc' dir='ltr'>εῧέάνυ</span> <span class='ocrx_word' id='word_1_284' title='bbox 594 3979 702 4065; x_wconf 83' lang='lat' dir='ltr'><strong>vulgo.</strong></span> 
     </span>
    </p>

    <p class='ocr_par' dir='ltr' id='par_1_16' title="bbox 231 4081 1348 4473">
     <span class='ocr_line' id='line_1_37' title="bbox 287 4081 1347 4167; baseline 0.007 -23"><span class='ocrx_word' id='word_1_285' title='bbox 287 4082 438 4167; x_wconf 85' lang='lat'><strong>963-96</strong></span> <span class='ocrx_word' id='word_1_286' title='bbox 438 4095 469 4165; x_wconf 84' lang='lat'><strong>5.</strong></span> <span class='ocrx_word' id='word_1_287' title='bbox 481 4081 663 4145; x_wconf 79' lang='lat' dir='ltr'><strong>Multorum</strong></span> <span class='ocrx_word' id='word_1_288' title='bbox 677 4082 810 4145; x_wconf 72' lang='lat' dir='ltr'><strong>vestium</strong></span> <span class='ocrx_word' id='word_1_289' title='bbox 823 4083 1082 4148; x_wconf 76' lang='grc' dir='ltr'>οοααιὶααιίοοσια</span> <span class='ocrx_word' id='word_1_290' title='bbox 1094 4087 1258 4164; x_wconf 70' lang='lat' dir='ltr'><strong>vovimur,</strong></span> <span class='ocrx_word' id='word_1_291' title='bbox 1270 4089 1347 4152; x_wconf 78' lang='lat' dir='ltr'><strong>vitre</strong></span> 
     </span>
     <span class='ocr_line' id='line_1_38' title="bbox 245 4183 1347 4272; baseline 0.009 -28"><span class='ocrx_word' id='word_1_292' title='bbox 245 4184 492 4272; x_wconf 77' lang='lat' dir='ltr'><strong>Agamemnonis</strong></span> <span class='ocrx_word' id='word_1_293' title='bbox 512 4183 678 4247; x_wconf 73' lang='lat' dir='ltr'><strong>servande</strong></span> <span class='ocrx_word' id='word_1_294' title='bbox 698 4183 823 4247; x_wconf 81' lang='lat' dir='ltr'><strong>modum</strong></span> <span class='ocrx_word' id='word_1_295' title='bbox 845 4188 1041 4272; x_wconf 70' lang='lat' dir='ltr'><strong>excogitans,</strong></span> <span class='ocrx_word' id='word_1_296' title='bbox 1056 4189 1086 4252; x_wconf 79' lang='lat' dir='ltr'><strong>ri</strong></span> <span class='ocrx_word' id='word_1_297' title='bbox 1101 4191 1148 4252; x_wconf 77' lang='lat' dir='ltr'><strong>itu</strong></span> <span class='ocrx_word' id='word_1_298' title='bbox 1167 4189 1207 4252; x_wconf 83' lang='lat' dir='ltr'><strong>ab</strong></span> <span class='ocrx_word' id='word_1_299' title='bbox 1220 4191 1347 4254; x_wconf 82' lang='grc' dir='ltr'>οταουΙο</span> 
     </span>
     <span class='ocr_line' id='line_1_39' title="bbox 231 4284 1348 4374; baseline 0.005 -23"><span class='ocrx_word' id='word_1_300' title='bbox 231 4287 360 4373; x_wconf 76' lang='lat' dir='ltr'><strong>firitret</strong></span> <span class='ocrx_word' id='word_1_301' title='bbox 373 4287 569 4373; x_wconf 76' lang='lat' dir='ltr'><strong>imperatum.</strong></span> <span class='ocrx_word' id='word_1_302' title='bbox 594 4285 639 4349; x_wconf 91' lang='lat' dir='ltr'><strong>Et</strong></span> <span class='ocrx_word' id='word_1_303' title='bbox 654 4284 697 4350; x_wconf 84' lang='lat' dir='ltr'><strong>sio</strong></span> <span class='ocrx_word' id='word_1_304' title='bbox 709 4285 775 4349; x_wconf 85' lang='lat' dir='ltr'><strong>fere</strong></span> <span class='ocrx_word' id='word_1_305' title='bbox 791 4287 1015 4374; x_wconf 81' lang='lat' dir='ltr'><strong>Musgrovius3</strong></span> <span class='ocrx_word' id='word_1_306' title='bbox 1039 4297 1061 4329; x_wconf 92' lang='lat'>“</span> <span class='ocrx_word' id='word_1_307' title='bbox 1071 4292 1113 4353; x_wconf 81' lang='lat' dir='ltr'><strong>In</strong></span> <span class='ocrx_word' id='word_1_308' title='bbox 1128 4292 1252 4356; x_wconf 75' lang='lat' dir='ltr'><strong>oedibue</strong></span> <span class='ocrx_word' id='word_1_309' title='bbox 1265 4293 1348 4357; x_wconf 76' lang='lat' dir='ltr'><strong>edito</strong></span> 
     </span>
     <span class='ocr_line' id='line_1_40' title="bbox 247 4387 847 4473; baseline -0.005 -18"><span class='ocrx_word' id='word_1_310' title='bbox 247 4391 306 4473; x_wconf 84' lang='lat' dir='ltr'><strong>(sc.</strong></span> <span class='ocrx_word' id='word_1_311' title='bbox 321 4388 461 4473; x_wconf 82' lang='lat' dir='ltr'><strong>oraculo)</strong></span> <span class='ocrx_word' id='word_1_312' title='bbox 463 4387 649 4473; x_wconf 48' lang='grc' dir='ltr'>ᾐτιάσω</span> <span class='ocrx_word' id='word_1_313' title='bbox 673 4388 847 4452; x_wconf 87' lang='lat' dir='ltr'><strong>BLOMF.</strong></span> 
     </span>
    </p>

    <p class='ocr_par' dir='ltr' id='par_1_17' title="bbox 290 4488 1092 4576">
     <span class='ocr_line' id='line_1_41' title="bbox 290 4488 1092 4576; baseline 0.004 -21"><span class='ocrx_word' id='word_1_314' title='bbox 290 4494 364 4576; x_wconf 89' lang='grc'><strong>965.</strong></span> <span class='ocrx_word' id='word_1_315' title='bbox 379 4488 579 4574; x_wconf 78' lang='grc' dir='ltr'>μηχανωμένη</span> <span class='ocrx_word' id='word_1_316' title='bbox 596 4489 761 4555; x_wconf 79' lang='lat' dir='ltr'><strong>Stanleius.</strong></span> <span class='ocrx_word' id='word_1_317' title='bbox 783 4491 997 4574; x_wconf 77' lang='grc' dir='ltr'>μηχανωμένης</span> <span class='ocrx_word' id='word_1_318' title='bbox 1011 4490 1092 4558; x_wconf 90' lang='lat' dir='ltr'><strong>libri.</strong></span> 
     </span>
    </p>
   </div>
   <div class='ocr_carea' id='block_1_7' title="bbox 0 0 1500 5054">
    <p class='ocr_par' dir='ltr' id='par_1_18' title="bbox 0 0 1500 5054">
     <span class='ocr_line' id='line_1_42' title="bbox 0 0 1500 5054; baseline 0 0"><span class='ocrx_word' id='word_1_319' title='bbox 0 0 1500 5054; x_wconf 95' lang='lat' dir='ltr'><strong> </strong></span> 
     </span>
    </p>
   </div>
  </div>
 </body>
</html>
