2984 5054
531 360 600 422 AD
623 357 956 422 CHOEPHORAS.
1229 357 1292 421 465

234 529 373 615 λιχῆνας]
390 536 412 568 “
428 530 638 617 Impetigines
654 528 777 593 Latinis
791 528 952 603 dicuntur,
968 547 1099 592 summae
1112 525 1194 590 cutis
1208 527 1293 605 vitia,

191 654 265 698 cum
279 630 447 717 asperitate
460 630 598 718 quadarn
614 646 647 696 et
661 630 720 694 levi
738 629 874 716 pruritu,
890 629 941 694 vic
954 630 1098 715 quaedam
1114 628 1153 692 ad
1170 652 1291 715 psoram

192 746 225 797 et
246 731 341 796 foedoe
360 732 472 798 scabiei
494 732 639 820 species.”
666 735 800 799 Foesrus
822 734 939 796 (Eoou.
956 731 1143 818 Hippocrat.
1167 732 1198 796 in
1220 757 1294 798 voce

193 837 349 918 Λειχῆνες.
394 834 564 898 Pessimum
580 834 676 921 hujus
688 835 789 900 morbi
808 833 939 918 speciem
963 833 1108 898 dicebant
1128 833 1294 918 Ἀγριολει-

192 936 284 1018 χῆνες
298 932 348 997 vel
361 932 576 1015 Ἀγριοψωρία,
594 948 671 998 teste
686 933 856 1022 Hesychio‚
875 932 1064 1019 (AEachylus
1082 937 1197 1018 ἀγρίαις
1218 937 1293 1020 γνά-

194 1038 283 1114 θοις.)
329 1035 447 1099 Confer
465 1036 662 1122 Hesychium
679 1060 709 1100 v.
725 1040 878 1119 Λειχῆυες,
897 1030 1081 1098 Salmasiuur
1100 1036 1132 1098 in
1155 1035 1292 1100 Tertull.

193 1134 235 1200 de
250 1135 330 1200 Pall.
351 1158 382 1222 p.
397 1157 473 1218 401.
490 1138 537 1200 H.
556 1136 665 1223 steph.
683 1138 769 1202 Dict.
786 1134 875 1200 Med.
890 1157 924 1221 p.
941 1152 1015 1220 395.
1061 1140 1176 1203 Noster
1196 1140 1293 1202 Eum.

194 1238 270 1323 785.
287 1239 400 1321 Λειχῆν
414 1239 561 1321 ἄφυλλος,
578 1240 711 1307 ἄτεκνος.
736 1240 911 1308 BLOMF.

239 1340 311 1403 282.
340 1344 449 1407 λευκὸς
472 1343 504 1405 δὲ
530 1343 649 1427 κόρσας]
677 1344 775 1406 Hunc
802 1368 926 1410 versum
952 1348 1026 1411 citat
1052 1345 1160 1430 Etym.
1190 1344 1237 1407 M.
1263 1358 1295 1407 et

195 1439 335 1505 Gudian.
351 1464 374 1504 s.
391 1465 420 1506 v.
436 1443 552 1524 κύρσαι.
1185 1465 1190 1473 ’

238 1542 450 1627 ἐπαντέλλειν]
469 1545 648 1610 ἐπαντέλλει
664 1548 715 1610 Μ.
733 1549 842 1613 Guelf.
859 1550 934 1614 Ald.

238 1644 310 1729 283.
326 1646 482 1729 reportet]
502 1646 707 1711 Scribeudum
724 1648 748 1711 τ’
765 1652 875 1731 ἐφώνει
889 1674 960 1714 curu
978 1653 1112 1713 Aurato.

236 1743 394 1831 Ἐρινύων]
409 1745 572 1828 Ἐριννύων
588 1750 691 1814 Turn.

239 1849 312 1932 285.
337 1850 453 1912 Sensus
475 1865 531 1927 est,
554 1850 637 1914 altas
662 1855 757 1917 etium
780 1855 936 1941 praedinit
957 1853 1137 1918 Furiarum
1160 1873 1294 1939 aggres-

193 1951 298 2014 siones
312 1972 360 2014 me
373 1952 457 2015 olore
472 1953 616 2016 visrtmm
631 1975 706 2034 este,
723 1958 773 2020 vel
792 1960 828 2020 in
848 1959 1013 2022 nocturnis
1033 1957 1187 2020 tenebris:
1214 1955 1294 2021 sicut

194 2049 276 2115 infra
305 2051 349 2117 ait
375 2054 512 2132 OrestcS‚
542 2052 642 2134 Ὑμεῖς
670 2060 727 2137 μέυ
755 2060 812 2143 ούχ
841 2063 929 2142 ὁρᾶτε
959 2057 1055 2132 τάσδ’,
1083 2059 1141 2140 ἐγὼ
1170 2058 1194 2121 δ’
1224 2061 1293 2139 ὁρῶ.

195 2153 415 2235 Eumen.104.
433 2158 571 2220 Εύδουσα
593 2160 650 2239 γὰρ
672 2160 752 2241 φρὴν
773 2163 903 2242 ὄμμασιν
924 2162 1135 2242 λαμπρύνεται.
1180 2161 1294 2246 Neque

195 2270 299 2320 tamen
316 2256 382 2320 haec
397 2258 481 2321 omni
496 2282 534 2322 cx
550 2274 638 2345 parte
652 2260 728 2325 milri
744 2262 877 2348 placent.
922 2265 977 2326 Au
999 2262 1164 2348 legendum
1180 2263 1295 2343 ὁρῶντα

193 2360 333 2439 λαμπρόν
369 2358 410 2439 μ’,
449 2383 489 2423 an
527 2361 576 2425 hic
613 2385 719 2427 versus
756 2365 1004 2450 transponendus
1040 2375 1111 2448 post
1143 2384 1173 2424 v.
1206 2362 1293 2427 288?

195 2461 369 2526 BLOMF.
408 2464 480 2527 Non
497 2465 576 2529 male
592 2465 796 2530 Blomfieldus
810 2489 931 2530 versum
948 2464 1212 2552 transponendum
1228 2487 1293 2528 esse

195 2562 330 2648 conjicit.
367 2566 460 2643 Quod
476 2566 500 2629 si
516 2585 598 2631 recte
614 2568 671 2633 lroc
686 2571 753 2633 looo
768 2567 891 2655 legitur,
909 2582 977 2653 post
992 2566 1172 2646 τελουμένας
1187 2589 1292 2630 versus

198 2686 280 2728 uuus
293 2665 418 2730 videtur
437 2669 596 2746 excidisse,
613 2670 643 2734 iu
661 2696 726 2758 quo
742 2675 870 2736 verbum
887 2671 1000 2734 lectum
1017 2669 1079 2733 fuit
1094 2691 1164 2732 cum
1181 2671 1295 2750 ὁρῶντα

195 2774 449 2839 construendum.
496 2779 609 2863 Neque
628 2778 708 2841 enim
728 2781 842 2860 ὁρῶντα
862 2793 892 2842 et
917 2783 1058 2857 νωμῶντα
1078 2797 1136 2862 pro
1150 2774 1295 2860 genitivis

196 2876 298 2962 posita
311 2900 376 2941 esse
391 2878 472 2942 credi
490 2896 620 2965 possunt
635 2883 762 2962 ὁρῶντος
781 2883 1060 2961 ἐμοῦ-νωμῶντος,
1077 2877 1163 2963 quod
1179 2877 1296 2941 Bothio

197 2977 325 3065 placuit.
371 2981 492 3044 Eadem
510 2981 638 3045 Dobraei
654 2983 805 3048 sententia
824 2984 885 3048 fuit
904 2983 960 3070 qui
976 3005 1098 3046 versum
1117 3004 1156 3044 ex
1175 2982 1295 3067 conjec-

197 3097 269 3147 tura
283 3083 452 3170 supplevit,
466 3089 588 3147 τοιαῦτα
601 3085 733 3167 πέμψειν
749 3086 812 3150 εἶπε
826 3086 879 3151 τὸν
894 3090 967 3149 κατὰ
980 3085 1100 3168 χθονὸς,
1116 3086 1281 3165 ὁρῶντα-.

244 3185 315 3266 287.
338 3187 371 3248 ἐκ
390 3186 628 3270 προστροπαίων]
646 3185 748 3250 Schol.
764 3188 796 3251 ἐκ
811 3192 863 3249 τοῦ
876 3185 1099 3267 Ἀγαμέμνονος
1113 3185 1294 3248 ἱκετεύσαντος

196 3286 264 3352 τοὺς
278 3287 363 3354 θεοὺς
378 3287 553 3365 ἐκδικήσεως
566 3294 677 3371 τυχεῖν.
724 3288 817 3352 Couf.
836 3290 969 3351 Eumen.
989 3306 1060 3371 234.
1084 3286 1259 3349 BLOMF.

240 3390 274 3451 ἐν
288 3390 385 3477 γένει]
402 3412 460 3476 pro
473 3396 533 3453 τῶν
553 3393 694 3473 ἐγγενῶν.
739 3389 932 3453 Abreschius
954 3388 1074 3452 confert
1098 3386 1194 3473 Soph.
1211 3387 1291 3451 OEd.

198 3491 240 3553 Τ.
261 3510 353 3575 1430.
377 3497 449 3558 Τοῖς
474 3493 509 3554 ἐν
533 3491 614 3572 γένει
637 3494 694 3573 γὰρ
719 3492 849 3572 τᾶγγενῆ
874 3489 996 3571 μάλισθ’
1024 3492 1107 3570 ὁρᾶν,
1132 3489 1246 3555 Μόνοις
1269 3489 1293 3551 τ’

197 3591 315 3655 ἀκούειν
330 3592 461 3670 εύσεβῶς
475 3593 539 3675 ἔχει
560 3592 643 3656 κακέ.
659 3592 732 3655 item
750 3593 846 3655 Eum.
861 3594 934 3676 603.
958 3590 1038 3673 Ἐγὼ
1061 3593 1093 3654 δέ
1114 3591 1222 3673 μητρὸς
1244 3596 1295 3670 τῆς

196 3695 266 3773 ἐμῆς
280 3698 314 3759 ἐν
328 3698 445 3776 aluum
471 3698 644 3761 BLOMF.

192 3843 195 3846 ψ
241 3797 313 3881 289.
331 3799 476 3883 διύκεται]
492 3800 649 3862 διιύκεσθαι
664 3799 714 3862 Μ.
731 3796 839 3860 Guelf.
856 3794 932 3860 Ald.

241 3914 312 3981 290.
333 3898 510 3984 πλάστιγγι]
530 3901 563 3962 F
560 3900 664 3986 lagro.
680 3900 820 3986 Etymol.
837 3899 886 3959 M.
903 3920 933 3982 p.
951 3898 1026 3978 674,
1044 3915 1095 3961 2ο.
1112 3895 1291 3979 Πλύστιγξι

195 3995 345 4075 ἡμύστιξ·
370 3999 428 4062 ἀπὸ
448 4004 500 4061 τοῦ
517 3999 677 4078 πλήσσειν.
700 3999 767 4082 παρ’
785 4001 936 4085 Αἰσχύλῳ.
962 3997 1098 4084 Hesych.
1115 3998 1292 4081 Πλύστιγξε

196 4099 315 4179 μάστιξ.
340 4102 509 4165 STANL.

241 4219 314 4286 291.
330 4207 485 4285 κρατῆρος]
505 4204 644 4285 κρατερὸς
660 4205 707 4267 Μ.
726 4203 834 4268 Guelf.
852 4203 926 4268 Ald.
943 4219 973 4268 et
988 4203 1058 4269 cod.
1074 4203 1260 4268 Robortelli.

239 4304 342 4393 μέρος]
358 4305 464 4387 μέρους
478 4305 563 4370 Rob.

241 4425 312 4489 292.
338 4409 427 4487 λιβὸς
452 4408 555 4471 Turn.
585 4409 673 4486 λίβος
695 4406 765 4472 libri
789 4407 909 4492 reliqui.
956 4406 1162 4471 scribendum
1187 4408 1294 4483 λίβους

195 4528 266 4569 cum
284 4506 465 4571 Abresclrio.
