2984 5054
464 1142 1001 1230 EUMENIDES.

620 1395 846 1434 —Q--

185 1571 383 1660 TERTIA
397 1595 464 1660 haec
483 1613 530 1663 est
548 1595 681 1683 trilogioe
696 1595 835 1659 Orestem
848 1593 968 1674 sabula,
982 1595 1073 1683 cujus
1086 1593 1127 1659 de
1141 1609 1282 1684 tempore
1384 1637 1389 1647 -

183 1695 303 1761 dictum
318 1711 364 1762 est
378 1697 410 1762 in
427 1697 660 1786 Prolegomenis
673 1696 714 1762 ad
729 1699 1011 1784 Agamemnonem.
1039 1697 1176 1777 Chorus,
1191 1699 1283 1785 cujus

183 1798 354 1886 praecipuoe
377 1798 409 1862 in
433 1798 491 1864 hac
516 1799 624 1864 fabula
645 1812 751 1886 partes
775 1813 859 1875 sunt,
883 1821 983 1884 quum
1009 1821 1049 1864 ex
1072 1799 1180 1864 Furiis
1203 1813 1283 1865 essct

183 1902 428 1989 componendus,
444 1902 556 1981 tribus,
573 1924 652 1988 quas
667 1901 797 1966 Graecos
813 1898 944 1964 soluisse
963 1912 1095 1979 constat,
1115 1900 1283 1968 duodecim

182 2003 258 2068 alias
271 2003 417 2091 adjunxit
432 2003 615 2092 AEscbylus,
630 2025 696 2090 quo
710 2000 883 2092 legitimum
900 2004 986 2070 chori
1007 2004 1118 2093 tragici
1137 2028 1282 2093 persona·

182 2128 254 2170 rum
269 2128 435 2171 numerum
451 2121 683 2191 assequeretur:
705 2106 971 2193 quemadmodum
983 2107 1167 2174 econtrario
1178 2108 1283 2175 Danai

182 2208 316 2273 filiarum
333 2208 563 2296 quinquaginta
577 2231 741 2274 numerum
757 2208 797 2273 ad
812 2209 990 2297 quindecim
1008 2233 1209 2298 personarum
1224 2233 1284 2277 nu·

183 2332 304 2376 merum
324 2310 437 2375 minuit
458 2309 491 2373 in
514 2308 723 2396 Supplicibus
770 2310 822 2374 De
844 2311 945 2397 speeie
967 2311 1141 2398 habituque
1162 2311 1284 2379 scenico
1320 2334 1326 2345 ·

183 2413 353 2478 Furiarum
379 2412 502 2498 copiose
525 2410 675 2498 explicuit
698 2410 847 2476 adhibitis
869 2425 902 2475 et
928 2426 1069 2477 veterum
1095 2413 1282 2501 scriptorum

180 2514 364 2580 testimoniis
376 2529 409 2580 et
422 2513 577 2578 artificum
591 2513 739 2600 operibus
751 2512 951 2600 Boettigerus
961 2513 993 2578 in
1004 2513 1086 2580 libro
1095 2513 1283 2582 Germaniae

182 2618 297 2705 scripto
319 2617 359 2682 dc
380 2639 512 2704 persona
530 2614 699 2680 Furiarum
722 2615 803 2695 (Dte
816 2615 1050 2681 Furianmnslte
1069 2618 1114 2680 im
1138 2618 1283 2681 Treuer-

181 2720 303 2808 spiele),
319 2719 465 2784 Viman'oe
487 2718 572 2784 edito
586 2742 613 2782 a.
631 2718 721 2782 1801.
742 2730 814 2804 post
828 2716 1044 2804 Boettigerum
1067 2717 1130 2795 alii,
1145 2740 1282 2805 quorum
1305 2715 1306 2719 ’

182 2821 412 2887 observationes
432 2820 576 2908 exposuit
602 2819 729 2906 suisque
754 2818 843 2883 auxit
865 2818 1058 2884 Wieselerus
1078 2819 1110 2883 in
1134 2819 1284 2908 Prolego-

181 2921 280 2988 menis
299 2920 340 2986 ad
356 2923 565 3008 Cory'sotnncn
584 2922 622 2984 in
636 2919 782 3007 AEsclyzi
796 2920 1002 2998 Eumenides,
1019 2920 1182 3009 Gottingae
1197 2922 1283 2990 edita

181 3047 209 3089 a
225 3025 318 3110 1839.

225 3124 416 3190 Fabulosam
445 3123 604 3212 quandam
629 3123 670 3189 de
698 3138 828 3204 terrore,
850 3146 944 3211 quem
971 3124 1142 3189 Furiarum
1167 3125 1283 3194 chorus

182 3226 428 3316 spectatricibus,
443 3248 522 3313 quas
541 3225 574 3290 iu
594 3224 717 3290 theatro
731 3225 842 3291 Attico
857 3226 911 3290 vix
934 3225 1013 3290 ullas
1033 3226 1130 3291 luisse
1150 3243 1282 3310 constat,

181 3328 355 3408 incusserit,
373 3328 506 3415 scriptor
525 3327 599 3392 vita.»
615 3326 759 3414 AEscbyli
780 3326 829 3392 bis
850 3326 953 3392 verbis
974 3326 1126 3414 prodidit,
1149 3330 1228 3398 ruris
1249 3328 1283 3395 rt

182 3440 278 3514 φασιν
292 3433 380 3511 &vrri
403 3431 542 3509 ἐπιδείξει
563 3434 622 3494 τῶν
636 3429 808 3510 Εὐμενίδων
830 3427 983 3511 σποράδην
1005 3430 1209 3512 εἰσαγαγόντα
1229 3430 1283 3496 τὸν

181 3532 275 3617 χορὸν
288 3536 433 3598 τοσοῦτον
448 3533 591 3611 ἐκπλῆξαι
604 3530 657 3597 τὸν
671 3532 764 3610 δῆμον
778 3530 856 3594 ὥστε
870 3533 908 3595 rb
920 3531 977 3610 pir
992 3529 1082 3610 νήπια
1096 3532 1230 3614 inditur,
1244 3535 1284 3599 εδ

182 3638 215 3702 δὲ
237 3636 353 3718 ἔμβρυα
374 3637 613 3715 liutadi-adfines.
658 3631 853 3712 Quibuscum
870 3631 1079 3719 comparanda
1093 3631 1211 3711 similis,
1226 3633 1283 3700 sed

181 3760 244 3803 nou
260 3737 325 3802 siue
343 3735 540 3824 gravioribus
558 3733 748 3822 quibusdam
770 3732 928 3799 erroribus
942 3733 1016 3799 licta
1030 3732 1177 3814 narratio,
1190 3734 1283 3821 cujus

181 3862 200 3904 a
215 3838 345 3905 Polluce
359 3836 475 3903 mentio
489 3836 573 3901 iacta
583 3851 629 3901 est
639 3855 673 3918 4,
686 3854 756 3901 110.
769 3835 803 3899 τὸ
819 3837 851 3900 δὲ
865 3836 998 3902 παλαιὸν
1012 3839 1029 3900 δ
1043 3836 1180 3920 τραγικὸν
1192 3838 1284 3922 χορδε

182 3941 366 4021 πεντήκοντα
378 3940 457 4020 ἦσαν
471 3940 542 4023 δχρι
555 3945 614 4003 τῶν
629 3939 800 4021 Εὐμενίδων
811 3941 976 4023 Αἰσχύλον·
991 3940 1065 4023 πρὸς
1079 3942 1111 4005 δὲ
1122 3940 1176 4007 τδν
1186 3943 1284 4027 ὄχλον

182 4045 278 4110 amrin
291 4048 344 4108 τοῦ
357 4042 488 4122 sitnon
505 4041 718 4122 διανοηθέντος
736 4040 933 4107 συνέστειλεν
952 4044 969 4107 δ
992 4044 1082 4124 νόμος
1103 4045 1146 4112 cis
1168 4043 1282 4112 ἐλδπα

181 4146 306 4227 δριθμδν
320 4145 373 4209 τὸν
386 4145 489 4228 χορόν.
534 4144 677 4221 Quorum
699 4158 946 4208 commentorum
961 4144 1129 4210 vanitatem
1144 4145 1178 4210 iu
1199 4147 1283 4212 clara

181 4246 251 4312 luce
266 4246 426 4312 collocavit
443 4247 646 4310 Hermannus
661 4245 692 4309 in
708 4244 976 4310 dissertationibus
990 4245 1030 4310 de
1050 4245 1146 4311 choro
1160 4248 1281 4312 Eume·

183 4346 293 4411 nidum
309 4345 452 4434 AEschyli
467 4345 603 4426 duabus,
618 4345 740 4433 scriptis
754 4369 782 4410 a.
799 4347 892 4424 1816,
906 4345 1046 4433 repetitis
1064 4345 1097 4411 in
1113 4347 1283 4432 Opusoulis

183 4448 246 4514 vol.
264 4468 292 4514 2.
308 4472 340 4539 p.
356 4450 534 4530 124-166.
580 4448 667 4513 Illud
682 4471 757 4514 vero
776 4462 859 4513 recte
879 4449 1011 4514 sortasse
1029 4447 1110 4514 dixit
1128 4470 1284 4537 gramma·
