2984 5054
242 340 306 406 360
605 340 984 405 ANNOTATIONES

284 530 360 596 335.
376 512 512 574 ναίουσιν
526 509 577 573 Fl.
595 511 638 572 T.
663 509 783 573 νέουσιν
799 507 910 594 Stepb.

284 616 360 700 336,
383 613 587 697 δυσδαίμονες]
612 610 818 675 Scribendum
842 612 874 674 δὲ
897 611 1034 689 δαίμονες
1054 629 1126 670 cum
1144 608 1341 683 Hermanno,

241 716 296 803 qui
312 713 511 802 postmodum
529 714 649 777 Halmii
665 712 809 797 probavit
824 713 1033 798 conjecturam
1050 711 1120 773 ὥστ’
1137 711 1315 790 εὐδαίμονες.

284 818 358 903 338.
382 817 415 879 εὖ
437 816 566 895 σέβουσι
584 815 805 879 Valckenarius
820 814 862 879 ad
877 813 992 900 Eurip.
1008 811 1163 876 Phoeniss.
1179 832 1271 896 1331.
1297 813 1343 874 εύ-

242 923 371 998 σεβοῦσι
386 916 489 1004 vulgo.

283 1039 358 1105 340.
373 1019 426 1084 ούκ
439 1019 491 1105 ἂν]
509 1019 692 1105 Legebatur
706 1020 759 1083 οὐκ
774 1020 812 1082 ἄν
827 1017 865 1100 γ’.
889 1019 925 1081 V.
941 1015 982 1080 ad
999 1019 1086 1103 Sept.
1100 1020 1175 1101 562.

285 1123 447 1187 ἀνθαλοῖεν
462 1120 629 1185 Stanleius.
653 1122 689 1185 αὖ
705 1121 824 1186 θάνοιεν
838 1119 919 1185 libri.

284 1243 358 1308 341.
375 1224 516 1307 ἐμπίπτῃ]
535 1222 738 1287 scribendum
757 1225 894 1304 ἐμπίπτοι
909 1244 980 1286 cum
997 1225 1039 1285 T.
1063 1206 1191 1301 ἕμπίττῖῖ
1206 1220 1256 1284 Fi.

284 1344 359 1411 342.
376 1325 496 1412 ποθεῖν]
511 1332 634 1406 πορθεῖν
650 1324 700 1389 Fl.
717 1327 760 1388 T.
776 1340 868 1389 recte.

285 1449 358 1515 344.
376 1429 492 1511 κάμψαι
507 1431 629 1493 διαύλου
648 1429 773 1510 θάτερον
789 1435 886 1492 κῶλον
900 1427 1005 1512 πάλιν]
1019 1428 1139 1492 δίαυλος
1153 1425 1280 1510 proprie
1294 1440 1341 1489 est

242 1555 361 1610 cursus,
385 1555 449 1617 quo
471 1532 542 1618 quis
564 1531 594 1595 in
616 1531 716 1595 stadio
738 1545 904 1618 postquam
927 1553 947 1593 a
965 1528 1139 1594 carceribus
1161 1527 1201 1590 ad
1226 1543 1340 1590 metam

242 1634 388 1709 excurrit,
404 1634 445 1698 ab
460 1634 557 1698 altera
571 1650 659 1721 parte
674 1659 693 1698 a
707 1649 791 1697 meta
804 1632 844 1697 ad
861 1654 996 1696 carceres
1010 1630 1101 1694 redit.
1132 1631 1178 1693 Et
1193 1629 1260 1693 haec
1276 1629 1341 1693 duo

242 1736 369 1821 quidem
386 1736 540 1800 curricula
555 1744 636 1801 κῶλα
650 1736 898 1822 appellabantur.
946 1738 1034 1818 Apta
1048 1732 1145 1818 igitur
1158 1732 1341 1818 metaphora

243 1838 360 1903 exitum
382 1838 422 1901 ad
444 1838 560 1901 bellum
579 1839 755 1924 Trojanum
778 1838 914 1926 primum
937 1840 1060 1901 διαύλου
1082 1842 1190 1911 κῶλον,
1206 1835 1340 1898 reditum

242 1963 317 2004 vero
338 1940 470 2003 alterum
494 1946 591 2003 κῶλου
614 1955 712 2004 vocat.
757 1940 846 2004 Ordo
868 1938 1033 2003 verborum
1056 1937 1107 2001 bic
1128 1952 1193 2001 est:
1218 1942 1264 2000 δεῖ
1283 1940 1342 2018 γὰρ

244 2041 380 2122 (αὐτοὺς)
397 2041 522 2121 θάτερον
536 2047 634 2107 κῶλον
648 2044 770 2106 διαύλου
784 2043 877 2108 πάλιν
893 2042 1018 2124 κάμψαι,
1036 2043 1175 2120 νοστίμου
1196 2041 1342 2120 σωτηρίας

243 2143 316 2225 πρὸς
329 2147 434 2210 οἴκους.
458 2146 557 2208 SCH.

285 2265 360 2330 345.
384 2250 462 2312 θεοῖς
479 2245 503 2309 δ’
520 2246 566 2323 δν,
583 2247 772 2327 ἀμπλάκητος
786 2270 870 2311 nuno
884 2271 922 2311 ex
940 2246 1059 2310 Pauwii
1074 2246 1253 2331 conjectura
1267 2243 1343 2330 legi-

244 2361 313 2410 tur:
338 2347 369 2411 in
386 2346 471 2411 libris
485 2349 633 2434 scriptum
650 2355 729 2417 θεοῖς
740 2349 1012 2429 δ’άυαμπλάκητος.
1036 2350 1178 2426 Quorum
1195 2362 1341 2411 neutrum

243 2451 335 2514 scribi
350 2451 390 2515 ab
406 2451 560 2538 AEscbylo
574 2451 687 2538 potuit.
715 2454 798 2515 Nam
815 2450 1044 2532 ἀναμπλάκητος
1058 2449 1161 2514 sensui
1174 2464 1342 2536 repugnat,

244 2552 435 2633 &panormus
456 2576 530 2617 vero
552 2576 614 2617 non
635 2553 733 2639 magis
751 2552 864 2618 dicitur
886 2575 982 2640 quam
1005 2552 1177 2633 δμάρτητος.
1223 2553 1341 2629 Quam-

244 2654 352 2718 obrem
373 2654 598 2735 ἐναμπλάκητος
620 2654 840 2740 corrigendum
859 2654 994 2732 videtur,
1016 2653 1194 2740 quodcum
1216 2652 1342 2734 ἐναμάρ·

244 2781 330 2834 τητος
354 2755 526 2841 comparari
550 2768 664 2842 potest,
687 2779 752 2841 quo
775 2755 939 2841 scriptores
964 2755 1158 2820 ecclesiastici
1183 2754 1341 2819 interdum

245 2857 292 2921 nsi
308 2871 390 2927 sunt.

286 2962 361 3044 346.
379 2959 539 3041 ἐγρηγορὸς
554 2960 721 3023 Porsonus.
768 2961 949 3046 Legebatur
965 2960 1135 3042 ἐγρήγορον.

287 3078 361 3145 347.
377 3060 545 3148 πρόσπαια]
561 3060 664 3125 Sobol.
674 3065 845 3144 πρόσφατα.
869 3069 933 3142 νῦν,
944 3062 1174 3143 προσπαίσαντα
1189 3064 1237 3126 καὶ
1251 3088 1344 3143 προσ-

246 3166 413 3246 κρούσαντα
427 3164 534 3231 αύτοῖς.
560 3163 630 3226 Vid.
643 3186 738 3251 supra
751 3166 821 3229 180.
847 3163 1036 3252 Hesychiu8‚
1049 3165 1235 3244 Πρόσποιον.
1251 3167 1343 3245 πράσ-

245 3275 352 3348 φατου,
378 3266 456 3329 νέου.
484 3265 537 3328 ubi
559 3265 695 3330 citantur
718 3266 876 3331 Nicander
899 3267 997 3328 Ther.
1021 3264 1095 3348 689.
1123 3268 1161 3328 Ei
1186 3269 1219 3328 δὲ
1245 3268 1284 3330 σύ
1306 3292 1342 3349 γε

245 3373 397 3436 σκύλακας
411 3369 522 3452 γαλέης
536 3367 554 3448 ἢ
568 3369 679 3449 μητέρα
698 3371 822 3452 λοιδρὴν
841 3369 1014 3452 Ἀγρεύσεις
1035 3370 1213 3449 πρόσπαιον.
1238 3369 1342 3433 Schol.

244 3474 432 3553 πρόσφατον.
450 3471 608 3556 Lyoopbr.
624 3489 693 3534 211.
706 3470 763 3535 'm
774 3472 910 3552 θυμάτων
923 3473 1092 3553 πρόσπαιον
1108 3472 1230 3536 ἐκτίνων
1243 3471 1341 3554 Ιχάριν.

245 3573 377 3638 Aristot.
394 3574 515 3638 Nicom.
533 3595 564 3656 9,
579 3591 610 3659 5.
626 3576 644 3652 ἡ
658 3577 714 3654 μὲν
728 3575 861 3656 φίλησις,
877 3577 953 3653 μετὰ
967 3575 1133 3652 συνηθείας·
1156 3574 1174 3652 ἡ
1190 3571 1214 3636 δ’
1231 3576 1342 3647 εὔνοια,

246 3676 294 3738 καὶ
310 3677 342 3739 ἐκ
363 3678 539 3756 προσπαίου.
558 3675 640 3739 unde
656 3679 702 3739 vis
717 3699 790 3738 vera
811 3676 907 3762 hujus
927 3675 1009 3738 vocis
1030 3674 1214 3752 ostenditur,
1232 3698 1344 3762 nempe

245 3777 301 3858 qui
316 3797 356 3837 ex
370 3778 542 3861 improviso
556 3779 702 3840 occurrit.
727 3778 902 3841 BLOMF.

288 3877 362 3958 348.
378 3878 437 3959 τοι]
456 3901 506 3939 σοι
522 3877 564 3938 Τ.

290 3977 403 4059 κλύοις]
423 3975 628 4041 Scribendum
645 3982 827 4046 enisurum
845 3981 994 4045 Dobraeo.

289 4096 363 4160 350.
379 4079 445 4162 τὴν]
467 4079 671 4144 Scribendum
688 4081 766 4159 τήνδ’
781 4106 853 4147 cnm
871 4085 1065 4146 Hermanno.

289 4197 364 4263 354.
390 4179 476 4261 χάρις
499 4180 612 4263 πόνων]
639 4184 811 4247 Praemium
839 4187 993 4249 laborum.
1032 4184 1083 4246 De
1105 4184 1345 4267 Agamemnone

247 4296 279 4345 et
307 4280 444 4345 exercitu
475 4281 530 4367 qui
560 4298 704 4368 ceperant
737 4287 868 4373 Trojam
898 4300 980 4351 recte
1008 4282 1152 4369 intelligit
1184 4284 1343 4350 Butlerus.

249 4384 421 4448 BLOMF.

289 4507 309 4571 3
312 4504 331 4571 5
333 4507 363 4572 5.
383 4487 433 4565 νὺξ
448 4487 552 4574 φιλία]
569 4488 640 4564 Qua
655 4503 746 4573 capta
761 4491 862 4577 Troja
876 4506 931 4555 est.
