2984 5054
260 329 329 395 606
624 331 1003 397 ANNOTATIONES

258 498 395 565 offendat
411 498 575 586 paululum
591 497 790 573 duriuscula3
816 501 863 564 vel
884 500 918 563 τὸ
933 501 1006 582 πρὸς
1021 505 1098 566 θεῶν
1111 501 1217 581 σέβας,
1233 524 1293 589 per
1307 528 1374 594 op-

257 601 441 688 positionem
464 623 536 664 cum
554 601 872 688 Aleavjungendum,
888 604 1081 690 umjesiatem
1096 624 1118 666 α
1136 603 1200 668 dits
1214 607 1376 671 censam

258 713 333 768 tam.
381 703 432 768 Sic
457 703 497 767 de
520 703 627 768 eadem
655 703 786 769 «Iustitia
813 704 959 792 Choeph.
982 726 1011 766 v.
1036 705 1117 786 640:
1147 704 1181 769 τὸ
1205 709 1269 770 πᾶν
1292 708 1375 777 Διὸς

259 806 354 886 σέβας
367 805 572 887 παρεκβάντες
586 808 759 886 ἀθεμίστως.
786 808 885 871 SCH.

300 924 375 992 397.
392 908 536 993 εὔκριτον]
552 908 684 991 ἔκκριτον
700 908 783 974 Rob.

300 1011 376 1094 398.
391 1009 473 1095 πρὶν]
491 1011 531 1074 V.
547 1012 622 1096 369.

301 1131 375 1196 399.
406 1113 446 1191 μὴ
477 1114 525 1177 καὶ
553 1114 626 1176 ποτὲ
654 1115 819 1177 Canterus.
849 1112 898 1176 καὶ
922 1112 1036 1191 μήποτε
1062 1111 1144 1178 libri.
1175 1113 1227 1181 κοῦ
1246 1115 1372 1195 μήποτε

262 1213 532 1277 Wordsworthus.

301 1336 375 1397 400.
390 1314 446 1400 μὴ]
463 1314 565 1394 καὶμὴ
581 1316 630 1378 Μ.
647 1316 722 1379 Par.
739 1311 849 1377 Guelf.
864 1312 944 1377 Ald.
961 1313 1044 1378 Rob.

302 1421 331 1482 ei
351 1442 408 1481 που
430 1420 458 1482 τὶ
479 1416 519 1497 μὴ
537 1423 620 1482 τοῖον
633 1415 723 1501 τύχῃ]
741 1418 805 1479 Pro
819 1415 858 1496 μὴ
873 1417 997 1497 ἀγαθόν·
1020 1437 1111 1480 sensu
1136 1414 1201 1480 scil.
1225 1416 1270 1480 ita
1291 1440 1367 1484 sua·

258 1517 352 1582 dente
366 1519 473 1606 accipi.
504 1517 684 1606 Hesychius
698 1523 789 1591 τοῖον,
806 1519 896 1584 οὕτως
911 1519 1037 1598 ἀγαθόν.
1069 1516 1218 1582 Eundem
1233 1534 1368 1604 praestat

259 1643 351 1685 usum
364 1622 442 1685 ἄλλο
453 1621 485 1685 in
497 1620 645 1707 loquendi
658 1619 794 1684 formula
805 1622 871 1683 εἴτι
882 1620 960 1684 ἄλλο
973 1623 1115 1700 συμβαίη.
1127 1622 1364 1687 ABRESCH.

301 1725 387 1808 τύχοι
408 1724 579 1789 Porsonus.
612 1724 684 1805 τύχῃ
706 1723 810 1785 Turn.
830 1721 939 1808 steph.
963 1726 1055 1805 τνχθῇ
1086 1722 1206 1787 codices
1228 1736 1260 1787 et
1280 1724 1363 1791 Ald.

260 1823 345 1888 Rob.

301 1944 376 2004 401.
394 1926 555 2008 ἐπήλυδας]
574 1927 602 1988 εἰ
615 1924 747 2003 πήλυδος
761 1924 808 1988 vel
826 1924 983 2003 εῑπήλυδας
998 1926 1047 1989 Μ.
1065 1927 1174 1993 Guelf.
1190 1925 1268 1991 Ald.

301 2046 376 2105 402.
386 2027 582 2112 ἀμφοτέρους]
595 2024 782 2108 ἀμφοτέρωο’
793 2026 1034 2113 Bambergerus.
1054 2028 1234 2112 ἀμφοτέροις
1244 2029 1364 2096 Schue-

259 2142 349 2192 tatus.

302 2249 377 2315 403.
393 2230 467 2297 Ζεὺς
482 2229 675 2311 ἑτερορρεπὴς
688 2229 768 2293 verti
782 2228 909 2316 quidem
927 2245 1028 2316 potest
1041 2234 1079 2296 ιἰι
1092 2232 1225 2296 alteram
1233 2244 1364 2319 partem

257 2334 427 2410 inclinans,
447 2354 508 2396 non
532 2346 634 2395 tamen
657 2331 716 2396 hoc
738 2354 840 2404 sensu,
856 2355 892 2395 ac
911 2332 935 2396 si
951 2332 1080 2418 Jupiter
1095 2334 1149 2397 uni
1164 2335 1246 2420 parti
1260 2337 1364 2424 magis

257 2433 362 2499 faveat
380 2456 475 2521 quam
495 2433 595 2512 alteri,
614 2433 700 2519 quod
722 2447 802 2497 esset
824 2434 864 2497 ab
884 2433 953 2521 ejus
973 2433 1096 2520 justitia
1117 2434 1361 2515 alienissimum

258 2536 312 2601 sed
323 2536 515 2619 έτερορρεπὴς
523 2536 563 2599 de
569 2535 693 2623 justitia
706 2557 778 2621 quae
789 2535 905 2600 dicitur
915 2535 1115 2602 distributiva
1124 2540 1147 2602 J
1149 2539 1216 2603 ovis
1225 2563 1362 2629 usurpa-

258 2652 339 2718 tum,
355 2652 443 2702 notat
458 2653 594 2716 tantum,
609 2660 680 2702 eum
697 2638 752 2724 qui
772 2638 921 2703 trutinam
936 2653 1047 2720 versat,
1063 2656 1095 2706 et
1118 2641 1244 2728 uuique
1265 2645 1361 2730 parti,

258 2740 290 2805 id
306 2742 393 2828 quod
409 2742 524 2827 cuique
539 2740 683 2819 debetur,
699 2741 860 2827 appendit.
886 2742 985 2806 SCH.

300 2864 375 2924 404
399 2842 495 2926 ἄδικα]
511 2843 596 2905 autea
616 2841 716 2920 νέμειν
731 2865 794 2905 uon
816 2858 873 2922 est,
894 2846 1012 2931 injuste
1030 2866 1101 2908 cum
1122 2845 1228 2933 aliquo
1249 2869 1360 2935 agere,

258 2943 324 3022 sed,
331 2946 442 3028 facere
456 2953 493 3007 at
510 2965 608 3007 causa
629 2944 716 3008 cedat
738 2946 873 3031 adeoque
888 2948 924 3008 ιἰι
932 2947 1016 3031 firo
1036 2948 1177 3034 irp'ustus
1195 2961 1361 3036 appareat.

259 3046 312 3110 Sic
333 3048 367 3109 τὸ
388 3045 488 3125 ἧσσον
509 3047 605 3131 ἀδικίᾳ
628 3045 728 3126 νέμειν
745 3046 793 3110 ἀεὶ
814 3046 929 3111 dicitur
950 3048 1097 3113 Minerva
1112 3049 1225 3136 Eurip.
1243 3051 1359 3139 Suppl.

258 3171 288 3211 v.
303 3162 378 3233 379.
403 3149 504 3213 SCH.

298 3267 375 3336 405.
397 3253 627 3332 τί-μεταλγεΐς
647 3251 681 3314 τὸ
704 3252 817 3315 δίκαιον
831 3250 928 3339 ἔρξαι]
948 3253 1039 3326 Quod
1061 3251 1181 3338 (Jovis)
1192 3254 1360 3340 judicium

254 3373 327 3417 cum
351 3362 472 3440 aquato
493 3354 659 3417 libramine
680 3361 804 3432 οοιιςιει,
825 3374 884 3416 car
905 3362 933 3417 te
956 3375 1059 3440 queso
1080 3355 1173 3442 piget
1189 3356 1360 3443 ιρἰιοιιίιῗαιιι

255 3456 424 3518 exercere?
449 3455 549 3518 SCH.

298 3576 373 3640 409.
395 3554 553 3642 ᾠνωμένον
575 3554 743 3635 Salvinius,
759 3554 815 3641 qui
837 3554 995 3634 ἀνειμένον
1011 3578 1051 3620 ex
1067 3558 1116 3620 M.
1137 3559 1311 3638 annotavit,
1327 3576 1360 3626 et

257 3660 427 3726 Porsonus.
470 3660 622 3742 ἀνειμένον
650 3660 735 3723 Rob.
779 3660 942 3739 οἰνωμένον
971 3660 1074 3725 Turn.
1112 3663 1277 3745 ὦνωμένων
1307 3667 1358 3733 Μ.

258 3761 368 3826 Guelf.
383 3764 460 3829 Ald.

297 3883 371 3942 412.
396 3866 444 3929 καὶ
462 3864 535 3945 μήτε
554 3867 634 3946 δῆρις
647 3863 758 3945 ῥυσίων
773 3861 940 3946 ἐφάψεται]
960 3861 1060 3927 Stanl.
1075 3865 1186 3929 vertit:
1209 3877 1240 3932 et
1260 3888 1360 3955 neque

253 3987 369 4051 pugna
383 3965 539 4053 supplices
553 3967 698 4052 attinget.
729 3962 753 4026 J
754 3985 804 4026 am
819 3965 908 4043 ῥύσια
922 3963 1049 4048 quidem
1065 3965 1097 4029 h.
1110 3965 1130 4030 1.
1145 3966 1187 4031 ad
1202 3967 1360 4055 supplices

255 4089 279 4131 ε.
298 4067 457 4130 Danaides
470 4066 616 4145 refertur,
629 4064 764 4152 pressius
778 4078 881 4128 tamen
896 4081 963 4128 erat
974 4090 1010 4131 ac
1021 4066 1140 4132 finitius
1151 4070 1358 4158 interpretan-

254 4167 343 4231 dum.
395 4165 500 4232 Ῥύσια
528 4166 678 4230 dicuntur
707 4165 873 4253 supplices,
903 4168 992 4252 quasi
1015 4171 1173 4256 pigvtcra,
1202 4186 1359 4258 quatenus

256 4269 392 4356 AEgypti
407 4267 462 4333 filii
479 4269 535 4355 jus
552 4291 604 4331 eas
625 4266 683 4330 sibi
703 4266 892 4345 vindicandi,
908 4282 939 4332 et
961 4269 1016 4333 ubi
1038 4269 1240 4352 invenissent,
1254 4273 1357 4339 abdu-

254 4371 344 4434 cendi
359 4371 556 4436 affcctabant.
603 4371 676 4433 Hoc
690 4369 797 4454 itaque
812 4372 880 4434 vult
895 4372 977 4459 regis
990 4373 1131 4438 dictum:
1155 4384 1185 4440 et
1206 4385 1243 4441 ut
1259 4399 1357 4464 neque

253 4475 365 4539 bellum
386 4474 427 4539 ab
448 4472 584 4559 AEgypti
605 4470 676 4536 filiis
697 4493 752 4535 vos
774 4482 924 4558 ιαιιριιιιια
948 4474 1010 4538 suis
1033 4476 1183 4542 νὶαάιοάἱο
1204 4477 1356 4544 abacue
