2984 5054
194 344 263 408 528
557 344 936 411 ANNO'I'ATIONES

196 518 308 605 plioem
323 518 409 605 apud
425 517 585 583 Millinum
603 519 732 584 Galerio
752 521 983 609 mythologiona
1002 519 1064 585 tab.
1080 537 1151 604 170.
1170 543 1199 585 n.
1219 522 1292 588 622.

198 621 462 686 WIESELER.

238 724 291 804 46.
306 722 490 806 θαυμαστὸς]
508 727 686 803 θαυμαστῶν
700 723 809 789 Guelf.
825 722 904 789 Ald.

237 823 342 908 λόχος]
357 822 449 908 λέχος
466 825 513 888 Μ.
530 825 603 889 Ρςς.
620 824 728 890 Guelf.
745 825 823 889 Ald.

236 928 291 1009 48.
311 929 394 992 ἀλλὰ
408 928 559 1009 Γοργόνας
571 927 665 1013 λέγω]
681 929 755 992 Non
770 928 873 993 minus
887 927 928 992 ob
943 927 1135 1014 serpentinos
1149 927 1248 993 crines
1263 945 1294 994 et

195 1030 325 1095 mixtam
339 1030 472 1093 formam
488 1028 667 1107 Furiarum,
682 1053 777 1116 quum
798 1029 965 1094 terribilem
989 1029 1133 1116 speciem,
1147 1053 1199 1095 eas
1220 1031 1294 1095 assi·

195 1131 283 1197 milst
298 1130 416 1218 Pythia
429 1130 641 1218 Gorgonibus.
686 1131 888 1219 Lycophron.
904 1155 934 1195 v.
950 1133 1024 1216 669.
1047 1138 1118 1196 ποῖα
1138 1132 1162 1196 δ’
1177 1132 1295 1215 Ἐρινὺς

193 1236 407 1318 μιξοπάρθενος
429 1236 514 1300 κύων.
537 1235 684 1323 Orpheus
706 1235 813 1324 hymn.
830 1236 884 1301 68.
906 1236 947 1300 de
964 1236 1085 1301 Furiis:
1110 1240 1293 1321 ὀφιοπλόκο-

194 1364 256 1419 μοι,
271 1338 468 1420 πολύρορφοι.
512 1336 751 1424 Elegantissime
766 1337 886 1402 Statius
902 1336 1005 1401 Theb.
1020 1359 1046 1417 1,
1062 1355 1137 1424 597.

472 1506 516 1522 ·-·
529 1480 702 1536 monstrum
717 1473 863 1557 offundis
877 1471 1051 1537 Acheronte
1063 1475 1121 1537 sub
1137 1476 1199 1538 imo

324 1576 513 1661 Cortceptum
526 1573 742 1637 Eumenidum
758 1574 927 1647 thalamisr
950 1576 1002 1638 coi
1018 1576 1159 1663 uirginis
1171 1599 1231 1642 oro

324 1678 540 1762 Pectoraquer
564 1685 713 1739 aeoernom
729 1676 867 1741 stridens
881 1698 903 1739 α
918 1678 1033 1740 vertice
1046 1680 1156 1765 surgit

324 1779 372 1843 Et
372 1779 604 1866 flmgincom
605 1779 755 1864 frontem
769 1779 971 1844 dracriminat
984 1782 1116 1869 anguis.

196 1916 334 1980 Pausan-
346 1933 377 1990 1,
392 1913 445 1978 28.
458 1917 572 1993 πρῶτος
591 1911 625 1976 δέ
644 1921 753 1994 σφισιν
769 1910 950 1997 (Ερινύσιν)
967 1915 1119 1996 Αἰσχύλος
1133 1914 1294 1996 δράκοντας

196 2017 319 2095 ἐποίησε
333 2016 407 2095 ὁμοῦ
421 2019 485 2081 ταῖς
499 2015 584 2101 έντῇ
600 2018 716 2101 κεφαλῇ
733 2015 826 2096 θριξὶν
841 2014 927 2079 εἶναι.
950 2015 1002 2080 Cf.
1019 2015 1135 2081 Catuli.
1152 2019 1206 2102 63,
1221 2037 1292 2103 193.

194 2139 267 2183 cum
281 2116 374 2182 Ovid
391 2116 490 2181 Trist.
503 2135 535 2196 4,
552 2132 583 2200 7,
599 2134 646 2184 ιν.
662 2130 694 2180 et
707 2139 780 2204 quse
798 2115 931 2182 contulit
946 2118 1054 2182 Daris.
1069 2119 1111 2183 ad
1126 2117 1191 2183 Cic.
1211 2120 1291 2206 Leg.

198 2238 290 2301 1‚14
312 2220 504 2284 WAKEF.

237 2338 290 2407 50.
316 2320 396 2387 cibor
416 2318 481 2385 ποτ’
502 2319 557 2400 ἤδη
578 2318 693 2387 Φινέως
715 2319 933 2405 γεγραμμένας]
957 2322 1073 2387 Versus
1097 2344 1137 2387 ex
1156 2320 1292 2386 duorum

194 2444 341 2489 versuum
356 2421 495 2510 reliquiis
507 2421 699 2509 compositus
712 2422 755 2488 sic
770 2423 958 2510 separandis,

325 2540 405 2606 εἶδόν
417 2538 482 2604 ποτ’
497 2539 553 2620 ἤδη
582 2588 823 2608 .......

323 2641 531 2726 γεγραμμένας
561 2688 730 2707 .....
760 2643 875 2713 Φινέως

326 2750 448 2811 δεῖπνον
461 2745 611 2827 φιρούσας
620 2781 664 2793 -
676 2792 686 2808 .

192 2862 288 2928 verbo
301 2861 516 2946 γεγραμμένος,
532 2861 620 2949 quod
635 2884 719 2926 nunc
733 2861 802 2926 loco
817 2861 920 2926 minus
934 2874 1010 2947 apto
1028 2860 1211 2926 collocutum
1233 2880 1290 2941 est,

191 2963 224 3028 in
244 2985 332 3028 suam
348 2962 451 3027 sedem
467 2980 621 3027 revocato.
665 2963 835 3027 Deiectum
848 2964 1013 3027 verborum
1030 2986 1068 3027 ex
1085 2963 1113 3026 vi
1131 2966 1291 3029 sententiae

191 3064 349 3155 supplevit
371 3064 546 3143 scholiasta,
567 3063 638 3129 ἀλλ’
661 3063 721 3128 οὐδ’
743 3061 885 3146 Ἁρπυίας
907 3065 996 3133 αὐτὸς
1017 3065 1109 3149 λέγω·
1136 3067 1215 3132 εἶδον
1234 3072 1292 3151 γὰρ

193 3170 284 3237 αὐτὸς
307 3171 341 3233 έν
361 3170 463 3251 γραφῇ
486 3166 645 3247 πτερωτός.
670 3167 762 3253 cujus
784 3188 824 3230 ex
847 3166 1048 3232 annotatione
1074 3168 1292 3235 Wakefieldus

191 3271 322 3359 conjecit
335 3285 408 3335 aute
421 3272 515 3335 verba
529 3269 609 3334 εἶδόν
623 3269 686 3335 ποτ’
702 3270 757 3351 ἤδη
772 3292 895 3334 versum
913 3292 1012 3334 unum
1024 3270 1185 3349 excidisse,
1201 3274 1293 3359 cujus

192 3373 344 3438 sententia
365 3372 432 3436 haec
456 3370 562 3449 fuerit,
585 3370 645 3436 οὐδ’
669 3369 849 3454 Ἄρτι-νέαισι·
879 3376 932 3440 τὰς
955 3375 1013 3456 γὰρ
1034 3374 1291 3456 έπτερωμένας-.

191 3498 286 3565 quarn
308 3475 341 3540 in
359 3474 449 3540 metri
469 3474 600 3538 sormam
623 3474 745 3562 redegit
761 3476 975 3555 Hermannus,
994 3475 1063 3540 ἀλλ’
1084 3477 1144 3542 οὐδ’
1165 3478 1203 3542 ὃν
1224 3477 1293 3560 Ἄρ·

190 3580 290 3646 ποίοις
312 3577 545 3659 προσεικάσαιμί
566 3602 621 3641 νιν.
651 3577 745 3664 quale
766 3576 843 3662 quid
866 3578 891 3642 si
916 3578 1086 3666 scripsisset
1109 3580 1291 3667 AEschylus,

191 3702 253 3745 uon
270 3680 350 3746 εἶδόν
363 3677 427 3743 ποτ’
440 3678 495 3758 ἤδη
510 3700 651 3766 pergere,
665 3678 718 3742 sed
735 3677 778 3742 sic
796 3679 903 3766 potius
918 3679 1012 3744 verba
1034 3681 1196 3766 sequentia
1217 3704 1290 3745 oon-

190 3782 325 3848 formare
345 3778 563 3857 debuissetis
584 3779 664 3844 εἶδον
684 3782 718 3844 έν
739 3787 907 3863 γραφαῖσιν
929 3781 1134 3862 ἐπτερωμένος
1151 3780 1158 3869 Ι
1177 3781 1292 3849 Φινέως

190 3885 340 3969 φερούσας
354 3887 484 3946 δεῖπνον·
507 3882 632 3964 ἄπτεροί
643 3908 678 3965 γε
690 3881 749 3962 μὴν
766 3880 773 3969 Ι
792 3883 937 3946 οὗτοι-.
985 3884 1017 3945 Ν
1020 3903 1080 3945 unc
1095 3904 1194 3967 quum
1212 3882 1292 3947 εἶδόν

189 3984 253 4052 ποτ’
264 3984 319 4066 ἤδη
329 3982 456 4062 dixerit,
468 3982 667 4047 manifestum
679 3997 725 4047 est
737 3983 805 4047 hoec
815 3984 911 4048 verba
921 3985 953 4046 in
964 3981 1117 4069 principio
1131 3981 1291 4046 sententiae

189 4086 339 4154 collocata
352 4084 457 4149 fuisse.
502 4084 646 4162 Quocum
663 4083 864 4149 Wellauerus
885 4083 992 4149 similis
1013 4082 1160 4148 orationis
1181 4083 1291 4149 formae

190 4187 367 4276 exemplum
383 4185 576 4273 comparavit
592 4185 704 4273 Suppl.
722 4186 795 4264 284.

231 4289 359 4376 Φινέως]
387 4288 439 4353 De
469 4286 622 4375 Harpyiis
655 4286 767 4351 Phinei
800 4285 881 4374 regis
910 4286 1007 4374 dapes
1036 4288 1230 4376 rapientibus
1258 4304 1291 4354 ct

188 4393 380 4462 fundentibus
393 4412 443 4455 rcs
457 4405 532 4455 nota
546 4413 584 4454 ex
601 4388 889 4478 Argonauticorum
905 4388 1108 4478 scriptoribus
1117 4391 1290 4479 Apollonio

192 4495 321 4564 Rhodio
334 4493 388 4561 lib.
404 4511 433 4560 2.
448 4490 573 4559 Valerio
588 4493 702 4559 Flacco
714 4491 768 4558 lib.
783 4512 815 4573 4.
839 4493 939 4559 SCH.
