2984 5054
205 335 271 405 598
569 339 948 405 ANNOTATIONES

205 503 279 588 (nisi
293 505 379 590 quod
401 506 605 589 παλαγρότον
627 531 666 571 ex
689 531 746 571 suo
767 508 928 572 annotavit
943 507 1162 590 Robortelius)
1179 525 1211 572 et
1226 511 1304 576 Ald.

205 607 289 670 unde
304 614 363 672 τῶν
382 607 587 690 παλαγμάτωυ
603 611 707 673 Turn.
729 610 837 696 Steph.
874 609 1079 674 Scribendum
1096 613 1306 692 παλλακευρό-

203 735 273 773 των.
299 711 444 774 Delendn
457 710 578 774 incunae
591 711 689 796 signa,
701 735 775 798 quae
786 726 857 799 post
872 712 956 775 hunc
968 735 1091 775 versum
1108 712 1213 798 posuit
1226 716 1305 778 Por-

204 834 306 874 sonus.
352 812 442 875 Idem
459 813 489 876 in
507 837 544 876 eo
558 813 672 877 erravit
686 814 772 899 qnod
789 814 873 877 hunc
888 837 1014 878 versum
1030 813 1096 899 regi
1112 813 1234 878 tribuit.

247 930 319 996 299.
334 917 412 992 βοῦν
425 915 479 993 τὴν
495 916 666 1010 Canterus3
682 917 796 994 βοότην
811 914 892 978 libri.

243 1012 368 1095 Ἀργεία
390 1014 472 1100 θεός]
495 1016 519 1078 J
522 1038 594 1079 uno.
620 1017 657 1079 V.
675 1018 771 1080 Hom.
789 1016 829 1080 Il.
847 1024 886 1093 Δ,
904 1017 932 1079 8.
958 1014 1069 1100 virgil.
1088 1016 1163 1079 AEn.
1180 1036 1213 1101 3,
1228 1033 1304 1101 547.

204 1116 329 1179 STAN
333 1117 372 1179 L.

243 1236 318 1301 300.
334 1216 455 1302 οὐκοῦν]
474 1218 679 1283 Scribendnm
696 1221 802 1284 οὔκουν
817 1241 888 1283 cnm
906 1218 1087 1283 Schuetzio.

245 1317 304 1401 ἐπ’]
323 1317 362 1381 ἔτ’
381 1319 576 1385 Schuetzius.

244 1420 399 1506 εὐκραίρῳ]
419 1422 542 1508 εὐκαίρῳ
558 1422 606 1486 Μ.

226 1558 229 1563 ·
242 1538 317 1605 301.
332 1519 495 1606 πρέποντα]
510 1521 677 1602 πρέποντας
691 1522 741 1585 Μ.
759 1519 837 1585 Ald.
861 1521 1007 1603 τρέποντα
1023 1521 1107 1585 Rob.

240 1639 314 1707 302.
338 1625 411 1701 δῆτα
425 1622 531 1686 Τατυ.
550 1622 618 1708 (qui
641 1622 814 1710 typothetae
834 1621 929 1710 culpa
950 1625 1036 1706 δῆθα)
1055 1624 1164 1710 Steph.
1181 1623 1302 1690 codices

197 1738 229 1788 et
244 1724 322 1787 Ald.
340 1725 424 1787 Rob.

240 1825 319 1889 ταῦτ’
334 1827 449 1908 ἄλοχος
464 1828 573 1908 ἰσχυρὰ
589 1827 661 1893 Διός
677 1826 836 1890 Pauwius
858 1830 950 1890 ταῦτα
964 1828 1068 1909 λόχοις
1082 1829 1177 1909 ὀχυρὰ
1189 1827 1299 1894 Guelf.

197 1926 275 1991 Ald.
308 1925 387 1990 ταῦτ’
403 1929 517 2011 ἄλοχος
531 1930 625 2009 ὀχυρὰ
640 1929 713 1995 Διός
729 1930 833 1992 Turn.
852 1928 960 2014 Steph.
987 1927 1066 1992 ταῦτ’
1082 1930 1197 2012 ὅλοχος
1213 1927 1303 2011 Ἥρα

198 2030 271 2096 Διός
294 2029 378 2092 Rob.
401 2027 456 2114 qui
480 2027 595 2092 codicis
618 2028 665 2092 sui
686 2028 871 2117 scripturam
898 2036 991 2093 ταῦτα
1015 2032 1119 2114 λόχοις
1141 2033 1300 2114 χυραδίους

195 2145 358 2194 memorat.
379 2135 473 2193 ταῦτα
485 2131 592 2212 λόχοις
605 2137 744 2213 χυραδιος
759 2132 808 2195 Μ.

237 2250 314 2316 303.
338 2230 391 2294 τὸν
416 2229 503 2294 πάνθ’
520 2232 647 2312 ὁρῶντα]
670 2233 743 2296 Non
765 2233 872 2296 omnia
893 2240 1067 2296 cernentem
1090 2232 1144 2296 sed
1159 2254 1199 2296 ου
1213 2237 1299 2298 omni

187 2343 283 2420 parte
309 2341 505 2406 cernentem,-
530 2333 614 2396 unde
639 2335 791 2414 πανόπτης
815 2333 939 2398 dictus:
962 2331 1034 2397 licet
1058 2333 1140 2397 enim
1166 2334 1300 2400 Ovidius

194 2440 320 2500 centum
335 2434 443 2499 oculos
457 2434 488 2498 in
504 2435 605 2521 capite
620 2434 694 2499 sitos
709 2435 737 2499 ei
753 2435 882 2512 tribuat,
898 2436 1032 2499 Metam.
1051 2456 1080 2513 1,
1096 2440 1169 2521 625.

280 2574 416 2636 Centum
430 2569 600 2633 luminibus
614 2569 751 2633 cinctum
766 2584 861 2656 caput
876 2571 986 2655 Argus
1002 2569 1149 2648 habebnt,

193 2737 296 2787 tamen
311 2723 363 2787 alii
385 2736 451 2786 toto
464 2745 593 2807 corpore
608 2720 766 2785 oculatum
783 2719 879 2783 fuisse
893 2719 1043 2783 referunt.
1080 2720 1297 2806 Apollodorus

194 2846 223 2894 2.
250 2847 276 2889 1.
303 2828 418 2891 Τούτου
444 2827 477 2887 δὲ
498 2823 611 2904 Ἀργος
636 2824 652 2885 ὁ
675 2825 826 2901 πανόπτης
853 2822 1026 2902 λεγόμενος.
1061 2821 1126 2903 εἶχε
1155 2825 1188 2886 δὲ
1210 2825 1297 2892 οῦτος

192 2927 367 3009 ὀφθαλμοὺς
380 2929 436 3006 μὲν
452 2929 486 2989 έν
500 2926 587 2989 παντὶ
603 2926 643 3009 τῷ
659 2926 783 3003 σιόματι.
828 2922 1040 3010 Etymoiogus
1054 2947 1086 3011 p.
1106 2928 1178 3009 136,
1194 2941 1248 3012 37.
1263 2927 1295 2990 in

192 3029 233 3091 V.
257 3028 482 3110 Ἀργειφόντης,
504 3023 611 3109 Ἐχων
641 3027 675 3087 ἐν
703 3024 765 3108 ὅλῳ
790 3026 831 3109 τῷ
854 3027 968 3104 σώματι
994 3025 1083 3089 αὐτοῦ
1110 3027 1295 3107 ὀφθαλμούς.

193 3130 327 3194 Plautus
342 3128 488 3193 Aulnlnr.
504 3149 535 3214 3,
552 3129 584 3205 ό,
605 3147 652 3212 19.
678 3128 763 3200 Quos
784 3128 814 3190 ei
831 3128 945 3214 Argus
966 3137 1078 3207 servet,
1093 3131 1149 3215 qui
1170 3129 1295 3194 aculem

192 3235 365 3318 tumefecit.
410 3229 575 3295 Claudiam
592 3228 632 3292 de
646 3227 767 3292 laudib.
785 3227 905 3292 Stilich.
923 3246 978 3307 21,
991 3247 1065 3314 312.

278 3403 405 3487 Argum
420 3400 504 3463 fama
519 3397 614 3462 refert
625 3412 755 3462 centeno
770 3396 887 3461 lumine
902 3397 1039 3462 cinctum

232 3577 237 3584 ,
278 3501 426 3589 Corporis
440 3499 580 3565 excubiis
596 3523 688 3564 uuam
704 3523 840 3564 servasse
850 3501 1030 3588 juvencam.
1070 3501 1239 3564 STANL.

232 3691 308 3756 305.
335 3676 426 3736 naida
454 3670 522 3753 γῆς]
551 3668 711 3732 Prometh.
737 3685 812 3752 570.
846 3672 971 3734 εἴδωλον
992 3669 1107 3752 Ἀργου
1137 3675 1292 3751 γηγενοῦς.

192 3773 359 3836 STANL.

232 3875 306 3957 306.
323 3872 452 3956 ἔτευξεν]
467 3872 566 3950 ἔτευξε
581 3870 605 3936 δ’
622 3872 673 3934 Μ.
691 3870 797 3936 Gueif.
814 3870 893 3935 Ald.
910 3872 994 3935 Rob.

231 3993 307 4058 307.
330 3974 610 4054 μύωπα-οἶστρον]
640 3973 781 4058 Hesych.
806 3975 919 4054 Μόιοψ·
953 3971 1025 4052 μυΐό
1051 3998 1094 4040 τις
1117 3976 1290 4055 έρεθίζουσα

189 4081 241 4145 τὰς
261 4082 336 4156 βοῦς
356 4079 404 4140 καὶ
427 4081 486 4140 πᾶν
502 4077 576 4153 ζῶον
596 4078 774 4140 έλαύνουσα·
798 4075 915 4156 οἶστρος
928 4077 1022 4156 μόνον
1035 4081 1123 4155 βοῦν.
1170 4074 1290 4141 Salma-

188 4179 269 4242 sius:
294 4178 375 4241 hnnc
390 4177 499 4241 statuit
516 4176 722 4263 (Hesychius)
741 4176 821 4240 inter
834 4179 941 4257 μύωπα
962 4191 994 4242 et
1009 4178 1132 4259 οἶστρον
1146 4177 1291 4242 differen-

187 4280 275 4358 tiam,
292 4295 327 4343 ut
340 4281 431 4360 μόαψ
445 4278 484 4342 sit
498 4285 569 4358 μυῖα
583 4283 644 4341 πᾶν
660 4278 734 4355 ζῶον
749 4279 930 4357 ε’λαόνουσα,
946 4279 1065 4361 οἶστρος
1078 4295 1183 4344 autem
1194 4281 1291 4360 μόνον

65 4395 73 4409 ’
186 4388 265 4463 βοῦν
281 4383 462 4445 έλαύνουσα.
487 4379 566 4443 Vide
582 4377 663 4442 Poll.
677 4395 707 4461 7,
721 4397 770 4462 17.
788 4379 971 4443 Callimach.
988 4382 1115 4466 Fragm.
1126 4385 1179 4460 46.
1194 4389 1291 4461 βουσ-

186 4488 262 4550 σόον
275 4486 344 4548 ὅντε
358 4485 463 4563 μόωπα
477 4488 560 4562 βοῦν
576 4481 737 4546 καλέουσιν
752 4485 889 4564 ἆμορβοί.
914 4484 1083 4548 STANL.
