2984 5054
261 332 328 394 344
625 329 1005 397 ANNOTATIONES

262 503 359 591 Pyth.
379 524 429 582 11,
448 520 502 589 55.
526 526 589 568 non
614 504 688 569 item
715 527 865 570 caussam.
911 508 1027 570 Totam
1052 505 1192 570 fabulam
1220 508 1362 570 Homero

261 606 398 693 ignotam
414 605 510 669 fuisse
523 619 611 691 patet
624 628 663 670 ex
680 605 773 671 Iliad.
789 614 814 686 1,
830 627 901 693 145.
916 605 1003 694 quod
1018 608 1195 673 observavit
1209 609 1304 674 schol.
1320 609 1360 672 ad

262 707 374 772 locum.
399 709 573 772 BLOMF.

307 826 377 893 153.
401 809 567 895 σύμφυτον]
593 812 773 893 συγγενικὴν
795 811 931 899 explicat
953 812 1126 878 scholiasta.
1172 819 1195 854 “
1210 814 1362 901 Epitheta

260 909 311 974 hic
330 910 518 998 transposita
539 924 632 976 sunt:
656 934 728 976 nam
752 915 908 997 σύμφυτον
929 929 961 980 et
982 916 1017 979 οὐ
1039 913 1208 996 δεισήνορα,
1224 938 1297 1002 quae
1319 917 1360 981 ad

260 1012 382 1078 νεικέων
409 1014 533 1100 proprie
560 1014 728 1102 pertinent,
756 1016 796 1080 ad
826 1017 951 1082 τέκτονα
980 1017 1221 1096 transferuntur,
1251 1018 1359 1082 eadem

259 1136 387 1201 prorsus
401 1113 578 1201 hypallage,
593 1138 658 1200 qua
671 1139 767 1203 supra
781 1139 809 1180 v.
825 1118 878 1199 48.
893 1138 945 1203 49.
962 1118 1129 1183 habuimus
1145 1121 1292 1187 ἐκπατίοις
1306 1122 1360 1184 ἄλ-

259 1241 330 1298 γεσι
350 1216 492 1280 παίδων.”
514 1219 658 1282 ΗΕΔΤΗ.
701 1218 751 1283 Sic
767 1218 872 1284 Theb.
887 1239 961 1305 340.
981 1222 1100 1304 βλαχαὶ
1122 1220 1146 1284 δ’
1163 1223 1360 1302 αἱματόεσσαι

259 1326 319 1383 τῶν
345 1321 565 1399 ἐπιμαστιδίων.
589 1320 753 1407 Aristoph.
778 1323 852 1385 Pac.
880 1340 950 1408 155.
977 1322 1202 1405 χρυσοχάλινον
1224 1324 1360 1405 πάταγον

259 1425 392 1505 ψαλίων.
416 1423 513 1509 Soph.
533 1424 646 1510 Antig.
672 1441 744 1508 793.
769 1430 866 1490 νεῖκος
887 1425 1002 1506 ἀνδρῶν
1023 1427 1175 1504 ξύναιμον.
1221 1425 1272 1489 Sic
1293 1424 1359 1489 sere

258 1524 346 1611 apud
361 1524 531 1590 Horatium
548 1525 719 1612 Tyrrhena
733 1546 848 1614 regum
856 1529 1029 1614 pungentes
1043 1548 1102 1612 pro
1118 1527 1359 1612 Tyrrlterwrum

258 1650 373 1716 regum
384 1631 566 1716 progenies.
592 1629 765 1692 BLOMF.

305 1747 375 1813 154.
399 1732 434 1794 οὐ
455 1730 629 1815 δεισήνορα]
650 1729 701 1793 Sic
720 1728 846 1793 videtur
866 1751 976 1793 vocare
998 1728 1213 1794 mactationem
1231 1729 1358 1816 Iphige-

259 1831 331 1910 niae,
345 1854 419 1918 quae
433 1832 494 1895 fuit
509 1855 546 1895 ea
561 1845 596 1895 ut
616 1829 700 1894 omni
723 1828 844 1916 pudore
865 1843 898 1893 et
918 1829 1028 1894 timore
1048 1831 1192 1917 seposita,
1208 1831 1358 1919 Clytaem-

258 1948 362 1998 nestra
381 1947 488 2021 postea
511 1956 603 1997 suum
627 1932 773 1996 maritum
793 1931 991 1997 interfecerit.
1015 1934 1213 1997 CASAUB.
1260 1934 1357 1997 Scho-

258 2035 358 2110 liasta,
374 2035 409 2098 οὖ
430 2033 658 2117 φοβονμίνηνῆ
681 2036 716 2098 οὗ
738 2035 884 2098 δείσασαν
898 2035 951 2098 τὸν
969 2037 1070 2116 άνδρα.
1116 2035 1219 2099 Verba
1240 2036 1275 2098 οὐ
1298 2041 1356 2099 δει-

258 2135 373 2216 σήνορα
393 2134 496 2198 versui
519 2135 706 2221 procedenti
727 2135 873 2222 adjunxit
892 2135 1114 2200 Lachmannus
1130 2158 1162 2222 p.
1179 2138 1233 2220 56.
1249 2136 1359 2201 addito

257 2242 363 2319 μῆτινι
386 2260 451 2324 quo
466 2235 715 2324 Clytaemnestroe
729 2237 850 2302 facinus
865 2236 1068 2325 intelligatur.

301 2343 361 2423 γὰρ
374 2363 436 2406 om.
452 2339 503 2404 Fl.
521 2341 565 2405 T.

300 2446 485 2526 παλίνορσος
504 2444 608 2509 Turn.
631 2443 740 2532 Steph.
761 2445 943 2526 παλίνορτος
957 2444 1008 2508 Μ.
1025 2443 1075 2507 Fl.
1092 2445 1134 2507 T.
1151 2441 1261 2508 Guelf.
1276 2442 1355 2507 Ald.

258 2546 342 2611 Rob.
357 2562 440 2611 recte
455 2547 595 2612 fortasse.
619 2554 641 2586 “
652 2549 762 2635 Etym.
780 2549 831 2610 M.
847 2570 878 2634 p.
894 2548 968 2628 648,
987 2565 1037 2630 27.
1053 2547 1252 2628 παλίνορσοςι
1276 2549 1358 2627 παρὰ

257 2649 292 2713 τδ
311 2651 370 2730 άρω
392 2651 507 2730 γίνεται
528 2649 689 2730 ῥηματικὸν
710 2651 807 2728 ὄνομα
825 2648 921 2730 ὀρτδς,
938 2649 985 2712 καὶ
1005 2650 1184 2730 παλίνορτος
1204 2650 1295 2730 ἐχρῆν
1309 2650 1357 2711 διδ

256 2755 309 2814 τοῦ
320 2775 338 2813 τ
351 2749 532 2831 γράφεσθαι,
548 2751 616 2833 οὐχὶ
631 2754 679 2814 διὰ
692 2755 746 2814 τοῦ
760 2751 973 2830 σ.-σημαίνει
988 2751 1020 2814 δὲ
1032 2750 1066 2813 τὸ
1081 2751 1307 2832 άπισθάρμητος,
1324 2751 1356 2812 ἐκ

256 2856 309 2914 τοῦ
324 2849 428 2928 πάλιν,
442 2856 495 2914 τοῦ
511 2853 707 2930 σημαίνοντος
721 2850 755 2914 τδ
770 2854 812 2918 είς
825 2851 967 2926 τούπίσω,
984 2852 1031 2916 καὶ
1046 2857 1098 2915 τοῦ
1113 2853 1203 2931 ὅρσω,
1216 2853 1357 2915 Αἰολικοῦ

255 2953 430 3032 μέλλοντος.
464 2953 577 3016 Veram
593 2976 658 3016 esse
674 2952 754 3017 hanc
769 2952 989 3039 etymologiam
1004 2966 1157 3017 monstrat
1171 2975 1233 3016 vox
1248 2961 1354 3017 πολιν·

256 3053 389 3135 ορμίνος,
406 3053 496 3117 Iliad.
515 3058 552 3117 Λ.
567 3057 643 3140 326.
675 3055 715 3118 In
729 3053 871 3119 hocloco
886 3054 1012 3119 videtur
1027 3055 1198 3140 significare
1212 3055 1356 3120 resiliens

254 3158 291 3219 ιἰι
305 3166 401 3243 caput
414 3157 673 3242 Agamemnonis,
690 3154 747 3219 nisi
762 3155 929 3243 legendum
949 3179 1022 3220 cum
1046 3156 1196 3221 Schutzio
1215 3158 1356 3238 παλίναμ

255 3285 322 3332 σον,
344 3259 487 3322 reducem
510 3259 805 3346 Agamemnonem?
830 3260 1008 3323 BLOMF.
1055 3258 1143 3324 Male
1166 3259 1353 3324 Schutzius:

254 3383 327 3425 nam
349 3381 411 3423 non
434 3359 474 3424 de
496 3362 561 3424 sola
576 3360 824 3447 Clytoemnestrae
846 3361 893 3426 ira
914 3384 1015 3426 sermo
1037 3375 1096 3442 est,
1112 3362 1166 3426 sed
1193 3361 1356 3448 respicitur

255 3464 346 3529 simul
370 3464 410 3528 ad
434 3463 553 3552 priores
576 3462 800 3550 Pelopidarum
824 3464 937 3543 credes,
964 3480 1000 3529 ut
1022 3487 1130 3529 seusus
1156 3463 1215 3528 sit:
1250 3475 1356 3528 manet

254 3589 376 3655 semper
386 3571 488 3632 denuo
502 3588 672 3654 resurgens
686 3567 740 3629 ira
750 3567 919 3632 liberorum
934 3568 1046 3632 ultric.
1062 3567 1353 3630 WELLAUER.

302 3689 372 3756 155.
387 3675 472 3750 μῆνις
485 3669 689 3750 τεκνόποινος]
709 3668 763 3731 Ira
778 3684 907 3755 propter
921 3667 1016 3731 filiam
1031 3666 1231 3730 immolatam.

301 3776 371 3855 156.
394 3771 448 3849 ξὺν
464 3768 607 3850 μεγάλοις
628 3770 764 3855 ἆγοθοῖς]
791 3769 900 3854 Trojae
917 3767 1179 3854 expugnationem
1199 3765 1351 3851 intelligit.

255 3872 385 3934 “Verte
400 3885 516 3946 autem,
532 3869 620 3941 talia,
636 3891 704 3932 una
717 3891 788 3934 cum
798 3871 972 3955 proeclaris
986 3871 1141 3933 exercitui
1151 3868 1351 3946 successibus,

246 3974 369 4057 satalia
379 3973 522 4037 domibus
530 3971 732 4049 Atridarum,
743 3973 784 4036 αδ
796 3972 924 4036 alitibus
938 3974 974 4034 ιἰι
988 3973 1102 4037 itincre
1117 3973 1206 4051 visis,
1218 3971 1353 4036 caletus

247 4074 505 4162 pronuntiauit.”
527 4074 703 4137 BLOMF.
893 4104 897 4111 ·

297 4177 479 4259 άπέκλαγξε]
498 4175 678 4254 άπέκλαιξεν
695 4176 743 4238 Μ.
761 4171 871 4238 Guelf.
888 4172 965 4236 Ald.

300 4279 371 4363 158.
393 4274 568 4363 ὁμόφωνον]
593 4277 716 4363 Nempe
737 4277 854 4339 αἴλινον
875 4277 993 4340 αίλινον
1012 4298 1180 4340 consonum
1205 4294 1270 4342 crat
1293 4286 1352 4347 τοῖς

253 4385 418 4466 μορσίμοις,
441 4394 473 4444 et
498 4381 533 4443 τὸ
557 4381 590 4444 εὖ
615 4377 732 4450 νικάτω,
760 4380 822 4443 τοῖς
844 4375 987 4458 μεγάλοις
1009 4380 1142 4460 ἀγαθοῖς.
1173 4383 1349 4448 BLOMF.

254 4489 425 4569 δμόφρονον
439 4480 517 4547 ΑΙά.
533 4481 617 4546 unde
631 4479 663 4543 in
680 4480 781 4543 Turn.
797 4475 1019 4566 interpolatum
1035 4483 1175 4566 ὁμίφρων
1189 4484 1241 4551 δν.
