2984 5054
227 325 292 405 622
588 324 967 390 ANNOTATIONES

270 503 344 583 716.
367 504 415 566 καὶ
435 503 667 586 πρῶρα-φίλη]
694 501 805 588 Neque
826 521 900 565 vero
920 499 1081 586 mfugit
1100 522 1202 586 prora
1222 501 1331 565 oculos

226 604 271 668 ad
291 606 377 668 viam
399 604 556 689 dirigens,
573 603 602 665 h.
618 626 645 666 e.
661 618 744 666 recta
760 602 810 666 via
828 602 868 666 ad
887 601 974 667 littus
988 616 1128 665 nostrum
1145 603 1329 689 procedens,

227 708 323 768 nimis
344 707 418 769 bene
439 705 651 791 gubernaculi
672 705 708 766 in
728 725 839 790 puppe
859 705 1022 768 constituti
1041 707 1176 790 remigio
1192 726 1330 790 parens,

226 809 342 893 quippe
355 806 442 869 Ιιααιί
460 809 564 868 amica
585 806 675 869 ιιοὸίς
695 806 877 869 αόυεηίοιις.
923 805 1050 868 Poetica
1071 806 1202 869 audacia
1222 828 1329 891 prorae

227 922 260 972 et
273 906 380 970 oculos
393 923 424 969 et
439 928 529 969 aures
545 905 666 971 tribuit.
691 908 792 970 SCH.

270 1010 396 1093 ὄμμασι]
414 1010 545 1089 ὄμμασιν
560 1011 609 1072 Μ.
625 1007 736 1072 Guelf.
752 1006 831 1070 Ald.
847 1007 952 1070 Turn.

270 1128 344 1193 717.
368 1111 554 1196 εὐθυντῆρος]
580 1115 758 1191 συνουτῆρος
778 1109 829 1174 Μ.
848 1108 956 1174 Guelf.
972 1109 1049 1173 Ald.
1066 1110 1150 1173 Rob.
1174 1112 1329 1190 ἴθυντῆρος

228 1212 395 1276 Salvinius.

271 1315 342 1396 718.
366 1313 393 1397 γ’
417 1316 456 1381 ὡς
478 1313 516 1378 ἂν
537 1314 573 1376 οὗ
594 1315 669 1396 φίλη
691 1316 794 1378 Tum.
813 1313 921 1400 Steph.
944 1319 1000 1379 τῶς
1016 1312 1054 1396 (τ’
1071 1315 1110 1380 ὡς
1125 1312 1231 1377 Guelf.
1254 1313 1327 1376 τῶσ’

227 1415 320 1497 Ald.)
344 1415 382 1479 ἂν
403 1416 438 1480 οὔ
460 1418 536 1496 φίλη
557 1416 678 1479 oodices
699 1429 731 1478 et
751 1415 828 1481 Ald.
844 1415 928 1479 Rob.
973 1414 1077 1479 Verba
1096 1433 1245 1501 corrupta
1262 1437 1329 1479 non

226 1517 402 1606 persanavit
428 1515 609 1580 Turnebus.
656 1516 839 1594 Scholiasta,
863 1519 938 1580 οὕτω
962 1519 995 1580 δὲ
1019 1518 1089 1596 ἡμῖν
1112 1519 1244 1582 κλύουσα
1273 1522 1330 1580 τοῦ

226 1623 326 1687 οἴακος
340 1619 376 1682 οὗ
391 1620 465 1700 φίλη
481 1619 556 1680 ἐστι’.

270 1737 343 1805 719.
359 1717 450 1803 νήιοι]
468 1718 673 1783 Scribendum
690 1719 784 1783 νάϊοιε
805 1742 876 1784 nam
892 1719 951 1784 hac
966 1734 1088 1784 tantum
1101 1720 1201 1784 forma
1216 1721 1328 1807 tragici

227 1836 370 1885 utuntur.

268 1920 480 2006 μελαγχίμοις]
503 1923 705 2005 μελαγχίμους
721 1921 829 1986 Guelf.
845 1921 922 1985 Ald.
947 1932 968 1960 ‘¹
983 1925 1187 2006 μελαγχίμους
1206 1923 1327 2012 simpli-

225 2024 302 2090 citer
327 2038 414 2087 notat
435 2025 574 2088 homines
599 2026 723 2111 nigroi,
745 2022 855 2110 quales
876 2036 963 2087 erant
986 2024 1117 2111 remiges
1136 2025 1167 2087 in
1188 2026 1327 2112 AEgypti

225 2125 359 2189 filiorum
376 2125 536 2189 navibus.”
559 2128 660 2190 SCH.

270 2245 342 2311 725.
365 2228 404 2307 μὴ
418 2226 544 2313 ’μελεῖν]
561 2227 651 2292 Libri
669 2228 761 2315 plene
774 2228 815 2308 μὴ
829 2229 964 2308 ἀμελεῖν.
1009 2226 1216 2292 Restituenda
1230 2229 1327 2293 erasis

225 2333 382 2412 μᾶμελεῖυ.

272 2437 342 2516 726.
358 2433 501 2519 ἀρωγοὺς]
517 2435 633 2515 ἆρωγᾶς
648 2435 733 2498 Rob.

271 2550 452 2621 727-733.
470 2536 582 2599 Danao
596 2535 780 2600 continuant
795 2535 873 2599 Ald.
890 2538 994 2599 Turn.

271 2656 346 2720 727.
369 2641 440 2704 ἴσως
461 2642 518 2720 γὰρ
540 2636 572 2720 ἢ]
598 2638 803 2702 Scribendum
826 2641 896 2705 ἴσως
917 2642 974 2720 γὰρ
997 2637 1035 2702 ἂν
1056 2658 1127 2699 cum
1149 2634 1325 2720 Burgesi0:

227 2739 285 2802 nisi
306 2739 378 2824 quis
400 2739 549 2803 Schaeferi
571 2739 781 2824 conjecturam
806 2738 860 2819 (ad
878 2738 1041 2802 Demosth.
1058 2737 1117 2800 vol.
1133 2754 1165 2822 5.
1185 2760 1215 2822 p.
1232 2737 1323 2818 687.)

228 2841 373 2927 praeferat
388 2844 459 2907 ἴσως
474 2840 512 2904 ἂν
525 2839 613 2918 ἢ-.
637 2843 710 2906 ἴσως
723 2863 782 2926 pro
800 2840 838 2903 ἂν
858 2839 973 2904 dictum
997 2862 1068 2904 cum
1090 2838 1230 2925 optativo
1251 2861 1325 2902 con-

227 2942 304 3006 strui
321 2941 484 3004 videbatur
498 2940 538 3003 ad
555 2939 667 3026 Eurip.
685 2940 758 3026 Iph.
775 2942 816 3002 T.
832 2960 924 3024 1055.
945 2944 982 3004 τὰ
997 2940 1020 3004 δ’
1037 2940 1105 3004 ἄλλ’
1121 2942 1193 3007 ἴσως
1208 2941 1325 3003 ἅπαντα

227 3044 358 3123 συμβαίη
383 3048 488 3108 καλῶς·
516 3041 570 3105 ubi
595 3056 678 3105 recte
703 3040 913 3105 Marklandus
939 3043 1107 3107 δυσίατα.
1154 3045 1226 3106 Non
1254 3039 1326 3126 plus

227 3144 429 3209 tribuendum
444 3143 510 3208 aliis
525 3144 655 3207 aliorum
671 3143 854 3230 scriptorum
867 3144 1017 3231 exemplis
1027 3143 1227 3232 quibusdam,
1239 3141 1324 3208 velut

228 3248 339 3314 Galeni
357 3248 418 3311 vol.
434 3270 464 3327 4.
480 3271 510 3334 p.
527 3248 596 3312 182.
615 3249 665 3311 καί
677 3273 721 3315 τις
736 3250 807 3313 ἴσως
821 3248 1006 3328 ὑπονοήσειε.
1022 3271 1053 3334 p.
1070 3251 1090 3310 6
1090 3249 1143 3332 58.
1159 3249 1198 3313 ὣς
1212 3249 1325 3327 οίηθείη

226 3375 271 3417 τις
285 3354 364 3417 ἴσως.
382 3349 490 3436 Cyrill.
507 3349 600 3414 Alex.
617 3350 688 3414 adv.
704 3350 824 3414 Julian.
841 3372 873 3435 p.
889 3350 948 3434 185
961 3350 1001 3412 B.
1018 3349 1065 3412 καὶ
1080 3346 1254 3426 ἀπιστήσειε
1267 3350 1326 3427 μὲν

226 3455 297 3517 ἴσως
317 3452 394 3518 ίῖπας
415 3477 458 3518 τις
480 3452 533 3515 οὖν
554 3458 617 3517 τοῖς
639 3452 705 3532 περὶ
727 3453 831 3515 τούτου
854 3452 965 3531 λόγοις.
990 3448 1052 3512 Vit.
1070 3448 1202 3512 Homeri
1217 3446 1277 3510 vol.
1291 3464 1323 3533 5.

226 3575 258 3638 p.
275 3572 345 3636 143.
363 3552 411 3616 ed.
429 3555 507 3616 Ern.
523 3553 660 3633 περιττὸν
674 3556 746 3620 ἴσως
766 3556 869 3631 δόξειε.
915 3552 1013 3616 Plane
1029 3549 1148 3614 alienus
1163 3566 1267 3614 autem
1283 3552 1324 3615 ab

225 3653 283 3718 hac
305 3656 477 3741 quaestione
499 3671 544 3719 est
565 3654 811 3740 Agamemnonis
831 3677 858 3717 v.
875 3673 966 3739 1049.
991 3652 1030 3718 de
1051 3675 1117 3738 quo
1138 3667 1220 3717 recte
1236 3653 1325 3738 judi-

224 3756 306 3820 cavit
322 3756 536 3820 Blomfleldus.

268 3858 355 3938 κήρυξ
370 3861 473 3921 Turn.
490 3856 598 3944 Steph.
645 3856 870 3920 Revocandum
887 3861 974 3938 κῆρυξ
988 3879 1027 3920 ex
1043 3855 1119 3921 Ald.
1136 3855 1220 3920 Rob.

267 3960 402 4040 πρέσβυς
430 3961 519 4038 μόλοι
550 3957 658 4042 Steph.
690 3959 896 4037 πρεσβύμολοι
921 3957 998 4022 Ald.
1038 3957 1246 4038 πρεσβήμολοι
1273 3959 1323 4020 Μ.

225 4060 310 4126 Rob.
333 4059 468 4139 πρίσβης
480 4061 570 4137 μόλοι
585 4060 658 4120 Par.
681 4059 813 4136 πρεσβὺς
827 4059 915 4135 μόλει
931 4059 1034 4122 Turn.

267 4161 341 4242 728.
359 4157 535 4242 ἐφάπτορες]
552 4157 721 4239 ἐφίπτορας
736 4155 819 4218 Rob.
845 4165 849 4169 ’

268 4279 341 4345 729.
363 4258 403 4338 μὴ
424 4257 549 4339 τρέσητέ
571 4281 618 4320 νιν
639 4257 806 4318 Porsonus.
829 4258 869 4336 μὴ
891 4260 1032 4340 τρέσηταί
1052 4287 1099 4326 νιν
1121 4261 1228 4325 Guelf.
1246 4262 1322 4327 Ald.

222 4372 262 4452 μὴ
284 4367 421 4452 τρίσαιτί
442 4394 490 4432 νιν
512 4368 584 4436 Par.
608 4363 693 4428 Rob.
715 4355 859 4446 μητρίσαῖ
882 4372 962 4449 πενίη
984 4371 1034 4434 Μ.
1060 4372 1101 4450 μὴ
1122 4371 1247 4452 τρέσητε
1269 4377 1324 4436 νῦν

225 4475 328 4537 Turn.
345 4471 453 4560 Steph.
