2984 5054
254 341 321 405 584
616 341 995 409 ANNOTATIONES

297 506 370 593 ἀπῇ]
385 507 443 587 ὅπη
459 507 509 571 Μ.
524 506 603 573 Ald.
621 510 727 574 Turn.

300 609 477 693 ινδ-133.
510 610 548 673 V.
564 610 603 675 ad
620 627 847 696 v.117-121.

276 782 279 786 Δ
300 712 372 775 118.
390 710 521 796 ῖλέομαι]
541 712 667 794 ῖλέωμαι
680 712 758 778 Ald.
774 711 860 776 Rob.

301 832 370 899 129.
387 814 492 898 οὐδὲν]
512 814 586 879 avitu
601 815 687 878 Rob.

300 933 373 998 130.
397 915 540 1000 εὔακοεῖς]
564 917 736 997 εὐγακόννις
756 917 806 981 Μ.
823 917 898 980 Par.
931 914 1106 996 ένγακόννις
1128 911 1235 977 Guelt'.
1270 914 1365 996 ένγα-

255 1017 377 1097 γρόνοις
390 1015 469 1081 ΑΜ.

302 1138 371 1202 131.
388 1119 530 1204 ἐμπίτνω]
546 1123 674 1201 έμπιτνῖν
689 1118 770 1197 libri,
782 1119 869 1206 quod
886 1120 1012 1183 ἑνπιτνῖν
1028 1115 1177 1205 scriptum
1193 1117 1226 1180 in
1242 1115 1324 1183 Ald.

303 1237 371 1304 132.
389 1220 532 1306 λίνοισιν]
548 1226 678 1287 αἶνοισιν
695 1223 745 1284 Μ.
762 1221 870 1287 Guelf.
886 1219 964 1285 Ald.

300 1321 433 1408 νοονιᾳ]
450 1327 578 1410 νοωνιφ
592 1326 696 1391 Turn.

302 1443 373 1510 133.
395 1423 659 1510 πλάτα-πνοαῖς]
679 1425 777 1491 Stanl.
800 1425 845 1489 ita
864 1424 1020 1490 reddidit:
1044 1424 1165 1489 Remus
1180 1421 1308 1510 quidem
1329 1432 1363 1488 et

255 1525 321 1589 ῖῖπο
342 1536 473 1590 consuta
494 1528 605 1592 domm
628 1529 663 1613 (i.
683 1552 711 1593 e.
734 1527 836 1611 navis)
860 1548 948 1592 mare
965 1547 1078 1593 urcem
1103 1547 1125 1589 α
1151 1525 1252 1610 tigno,
1278 1533 1360 1589 tem·

251 1638 373 1714 pestate
394 1630 484 1694 nullu
493 1633 653 1716 jactatam
674 1652 722 1695 me
743 1632 832 1695 misit
844 1630 1066 1718 cumflatibut
1103 1626 1244 1692 Putabat
1265 1626 1360 1691 nimi-

256 1753 326 1795 rum
351 1731 412 1796 θλα
434 1733 551 1815 στέγων
571 1756 643 1797 cum
674 1733 761 1814 δορὸς
783 1730 1038 1819 conjungendum
1064 1753 1139 1794 esse.
1184 1731 1233 1793 At
1256 1727 1363 1794 multo

256 1832 429 1919 elegantius
445 1833 662 1920 AEschyloque
676 1833 804 1921 dignius
818 1835 981 1917 ἆχείματον
998 1832 1083 1914 δορὸς
1105 1831 1267 1918 siguificat,
1282 1854 1361 1896 eum

257 1935 313 2020 qui
334 1935 407 1998 betti
429 1943 638 2022 tempestatem
659 1937 747 2000 hunul
767 1945 914 2024 expertus
931 1944 988 1999 eet.
1027 1933 1185 2020 Adeoque
1198 1931 1363 1997 Danaides

256 2035 361 2100 felices
383 2060 415 2099 se
436 2036 619 2123 praediuant,
639 2038 726 2125 quod
748 2039 847 2117 nevis,
867 2059 932 2124 qua
955 2052 1054 2102 vectae
1074 2036 1147 2114 siut,
1169 2035 1262 2122 ipsas,
1283 2033 1361 2100 beili

258 2152 453 2225 tempestate,
468 2161 542 2226 quae
556 2139 615 2204 sibi
629 2139 670 2204 ab
683 2140 820 2228 AEgypti
831 2140 902 2204 filiis
914 2138 1107 2215 imminebat,
1122 2137 1246 2214 evitate,
1258 2136 1363 2203 ventis

258 2239 403 2315 secundis
418 2244 524 2328 Argos
539 2241 695 2307 detulerit.
720 2244 820 2308 SCH.
853 2243 1028 2324 λινορραφίς
1042 2239 1121 2305 Ald.
1138 2241 1239 2304 Turn.

305 2345 376 2429 136.
393 2343 567 2430 ἆχείμοτον]
584 2346 731 2428 ἇχέματον
747 2346 797 2409 Μ.
814 2344 922 2409 Guelf.
941 2343 1015 2408 Ald.
1031 2343 1117 2407 Rob.

302 2447 360 2512 σὺν
373 2452 479 2515 πνοαῖς
494 2449 662 2512 Porsonus.
685 2449 742 2513 σὺν
756 2452 872 2515 πνοιαῖς
888 2445 998 2531 steph.
1018 2448 1195 2524 συμπνοιαῖς
1209 2443 1259 2507 Μ.
1272 2442 1361 2510 Rob.

259 2547 297 2613 ἃν
311 2554 427 2617 πνοιαῖς
442 2549 551 2614 Guetf.
566 2550 646 2615 Ald.
662 2552 765 2615 Turn.

306 2652 375 2735 138.
399 2655 540 2720 τελευτὰς
555 2651 738 2739 BurgesiuS.
769 2655 911 2718 τελευτᾶς
931 2648 1012 2714 libri.
1043 2651 1362 2729 τελευταν-σρενμε·

261 2752 313 2831 viu
328 2753 489 2818 Butlerus.

303 2853 328 2917 δ’
344 2854 390 2941 έν]
406 2857 441 2920 έν
455 2858 487 2919 δέ
503 2855 581 2920 Ald.
599 2857 702 2920 Turn.

305 2975 377 3037 140.
392 2959 581 3046 πρευμενεῖς]
596 2958 761 3040 πρευμενὴς
775 2958 879 3021 Turn.
896 2955 1005 3042 steph.

307 3076 377 3139 142.
393 3059 680 3144 σπέρμα-ματρὸς]
694 3057 967 3124 Danaides-lus.

307 3180 378 3246 143.
396 3177 467 3246 153.
483 3161 633 3242 ἀδάματον
648 3161 794 3226 Bothius.
818 3159 987 3240 ἁδόμοντον
1001 3156 1082 3222 libn‘.

306 3283 380 3345 144.
395 3263 529 3329 θέλουσα
544 3263 568 3328 δ’
585 3262 629 3349 εῖν]
646 3263 796 3327 θέλουσαν
810 3261 834 3327 δ’
850 3264 905 3326 οὖν
919 3260 998 3327 Ald.
1014 3262 1118 3325 Turn.
1155 3294 1159 3309 ι

304 3365 396 3450 ἁγνά]
413 3367 495 3449 &yut
510 3366 586 3431 Ald.
612 3365 708 3448 ἁγνάν
724 3366 830 3429 Turn.
846 3363 976 3428 fortusse
990 3386 1029 3426 ex
1044 3361 1217 3427 scholiastae
1230 3375 1364 3428 annote-

261 3466 354 3547 tione,
370 3467 522 3532 θέλουσάν
534 3493 572 3548 με
588 3467 665 3532 εἶναι
679 3465 784 3549 ἁγνήν.

308 3572 379 3651 146.
395 3567 480 3650 σέμν’
495 3568 607 3653 ένόπῖ]
626 3569 693 3648 σεμ’
714 3567 730 3633 ἓ
750 3566 838 3634 πότνι’
854 3565 932 3632 Ald.
954 3589 993 3630 ex
1008 3589 1074 3654 quo
1090 3563 1119 3647 μ’
1143 3563 1189 3630 έπ’
1207 3564 1265 3629 tut
1286 3564 1365 3632 iuuit

263 3674 369 3737 Tum.

306 3777 458 3862 Ineptum
482 3788 530 3839 est
552 3775 702 3856 ἀσφαλὲς,
725 3772 811 3859 quod
832 3793 874 3836 ex
896 3795 927 3835 v.
951 3772 1022 3852 148.
1046 3769 1169 3835 illatum
1192 3789 1300 3833 vocem
1318 3768 1364 3833 ab

264 3876 418 3965 AEschylo
438 3876 490 3942 hic
511 3877 644 3965 positam
667 3875 801 3964 expulit.
836 3875 903 3939 Pro
925 3874 1073 3956 ἀσφαλεῖς
1097 3873 1216 3938 dictum
1241 3869 1366 3958 aoeepit

263 3978 436 4045 scholiasta.

310 4099 380 4166 147.
410 4078 568 4167 σθένονσι]
599 4079 751 4144 σθένουσα
782 4081 887 4144 Turn.
937 4079 1102 4142 Neutrum
1123 4078 1227 4141 locum
1256 4073 1365 4141 habet.

264 4183 367 4249 σθένει
382 4183 550 4249 Heathius.

310 4287 381 4368 148.
404 4290 559 4367 διογμαῖσι
581 4281 605 4346 δ’
625 4282 793 4367 ἀσφαλέος]
818 4283 932 4346 Versus
952 4294 1129 4369 corruptus.
1169 4278 1280 4345 Lectio
1295 4277 1367 4344 vul·

265 4401 340 4474 gata
360 4388 462 4451 Turn.
485 4399 517 4449 et
540 4383 701 4472 Stephano
721 4384 863 4451 debetur.
896 4389 1052 4469 διογμοῖσι
1069 4387 1075 4472 Ι
1093 4386 1119 4448 δ’
1136 4379 1298 4466 ἀσφαλέος
1312 4382 1366 4448 Μ.

269 4485 378 4551 Gueif.
393 4484 471 4550 Ald.
494 4491 667 4567 διογμοῖσιν
680 4488 819 4570 ἀσφαλὲς
832 4485 917 4552 Rob.
