2984 5054
237 336 303 402 474
595 336 977 403 ANNOTATIONES

238 503 311 586 ἧψε·
337 504 384 567 καὶ
398 506 415 567 ὁ
429 503 608 585 Μελέαγρος
623 502 767 586 ἐξαίφνης
781 505 922 571 ἀπέθανε.
945 506 1040 569 Hanc
1054 504 1193 569 fabulam
1209 502 1341 566 nescivit

241 605 411 682 Homerus,
427 604 514 690 quod
532 603 636 691 colligi
656 598 761 692 potest
776 629 815 668 ex
833 607 916 684 Il.1,
931 625 1005 691 529.
1022 629 1085 691 seq.
1102 605 1156 670 ubi
1177 627 1245 668 earn
1266 629 1338 667 νεω-

240 705 337 786 ripen
359 704 502 770 tribuunt
525 705 731 791 grammatici.
776 706 975 794 Meleagrum
998 707 1038 772 cb
1054 705 1203 794 Apolline
1225 726 1340 769 caesum

242 805 436 871 tradiderant
450 822 592 872 auctores
606 814 665 872 τῶν
676 806 790 872 Ἠοιῶν
803 825 835 873 et
849 813 901 888 τῆς
915 807 1077 882 Μινυάδος,
1093 820 1170 871 teste
1186 806 1343 870 Pausania

244 931 294 989 10,
308 930 361 995 31.
377 911 431 996 qui
447 910 538 974 docet
553 910 711 974 historiam
728 909 768 973 de
784 910 891 975 titione
911 909 997 974 fatali
1021 910 1155 997 primum
1171 908 1203 972 in
1219 931 1340 972 scenam

240 1011 406 1100 protulisse
421 1012 638 1098 Phrynichum
661 1012 692 1076 in
709 1012 897 1090 Pleuroniis,
914 1035 975 1076 non
991 1011 1118 1098 quidem
1139 1033 1158 1073 a
1180 1033 1212 1073 se
1234 1010 1342 1073 inven-

242 1126 316 1191 tam,
331 1113 571 1196 προσαψάμενον
585 1115 618 1176 δὲ
634 1113 722 1176 αὐτοῦ
741 1115 835 1194 μόνον
849 1113 902 1177 dre
924 1115 955 1179 ἔς
976 1114 1055 1177 ἅπαν
1074 1113 1129 1192 ἤδη
1144 1111 1344 1191 διαβεβοημέ-

242 1238 296 1278 νον
307 1214 341 1277 τὸ
350 1213 541 1293 Ἑλληνικόν.
558 1216 731 1280 BLOMF.
753 1213 915 1300 Meleager
925 1236 995 1278 cum
1007 1236 1118 1300 aprum
1130 1211 1340 1299 Calydonium

242 1337 389 1378 unacum
406 1315 485 1379 lecta
502 1317 657 1403 juvenum
673 1338 767 1380 manu
784 1324 878 1401 (quos
894 1315 1076 1379 nominatim
1094 1330 1230 1379 recenset
1245 1313 1341 1378 Ovid.

242 1419 376 1481 Metam.
402 1417 431 1494 8,
449 1435 525 1501 300.
543 1422 626 1504 sqq.)
650 1416 791 1494 adortus,
813 1431 844 1480 et
866 1416 1013 1502 quoniam
1037 1417 1105 1502 ejus
1127 1415 1286 1503 praecipua
1308 1416 1340 1479 in

241 1518 300 1582 hac
315 1541 422 1606 pugna
437 1519 536 1583 virtus
550 1519 720 1597 enituisset,
735 1520 855 1583 exuviis
872 1519 940 1607 apri
964 1519 1083 1605 praemii
1098 1542 1192 1583 causa
1206 1518 1342 1582 donatus

241 1637 333 1696 esset,
349 1619 531 1684 Atalantam
555 1619 698 1685 Schoenei
720 1620 826 1697 filiam,
842 1619 941 1706 ipsam
964 1643 1091 1706 quoque
1101 1621 1271 1685 venationis
1293 1642 1342 1682 so-

240 1722 330 1800 ciam,
345 1743 450 1785 amore
465 1720 581 1785 ductus
594 1721 678 1786 hisce
693 1721 798 1809 spoliis
809 1721 941 1787 ornavit.
986 1725 1087 1801 Quem
1102 1722 1251 1786 honorem
1266 1745 1339 1786 cum

240 1823 393 1910 Meleagri
416 1823 574 1901 avunculi,
591 1823 714 1888 Thestii
729 1825 797 1903 filii,
820 1824 926 1888 matris
941 1824 1078 1889 Altbaeae
1092 1824 1203 1888 fratres
1224 1824 1341 1910 puellae

240 1924 432 2001 invidissent,
448 1947 504 2011 per
518 1924 581 1988 vim
596 1925 625 1988 ei
640 1947 755 1990 munus
769 1926 916 2013 eripiunt,
932 1941 1160 2015 proptereaque
1181 1950 1201 1990 a
1218 1928 1338 1990 Melea·

238 2049 297 2114 gro
310 2027 506 2091 occiduntur.
537 2029 639 2105 Quam
655 2027 787 2091 fratrum
803 2028 921 2092 caedem
936 2029 1096 2115 aegerrime
1111 2028 1184 2094 tulit
1198 2027 1338 2106 Althaea,

239 2128 367 2214 filioque
381 2139 522 2207 mortem,
538 2127 587 2191 vel
600 2142 636 2193 ut
651 2130 812 2194 Homerus
825 2146 930 2195 narrat
946 2130 1038 2196 Iliad.
1054 2137 1080 2209 1,
1096 2133 1170 2216 562.
1186 2130 1338 2217 impreca-

240 2229 387 2307 tionibus,
410 2228 460 2292 vel
482 2242 518 2293 ut
540 2229 724 2294 recentiores
745 2231 921 2318 perbibent,
945 2231 1115 2297 mirabilem
1142 2231 1231 2296 illum
1255 2231 1338 2296 titio-

238 2353 321 2409 nem,
345 2331 437 2419 cujus
465 2353 484 2394 a
506 2331 738 2397 conservatione
763 2333 818 2397 filii
843 2334 908 2398 vita
931 2334 1098 2420 pendebat,
1123 2333 1338 2399 comburendo

237 2432 430 2498 acceleravit.
475 2434 600 2521 Nempe
614 2433 787 2499 secundum
804 2434 952 2499 Ovidium
969 2437 1102 2501 Metam.
1121 2435 1152 2514 8,
1166 2456 1240 2520 451.
1256 2459 1325 2523 sqq.

323 2583 430 2666 Stipes
444 2592 524 2661 erat,
539 2603 629 2670 queem
642 2594 841 2670 ermpertus
855 2586 951 2649 coire
953 2587 1090 2671 jaceret,

329 2683 487 2761 Thestias,
502 2686 712 2771 inflammata
727 2687 866 2772 triplices
874 2707 1008 2773 peterere
1022 2709 1153 2767 sorores,

324 2784 533 2871 Stamincque
545 2788 826 2872 impressofctclia
833 2789 947 2875 pollice
960 2799 1078 2868 nentes,

327 2886 496 2971 Tempora,
512 2889 675 2968 diremerat,
690 2889 796 2952 eadem
809 2891 958 2977 lignoque
972 2892 1099 2978 tibique,

325 2986 352 3049 Ο
366 2987 455 3051 modo
470 2997 555 3067 nete,
569 2990 691 3055 domus.
738 2993 806 3066 Quo
814 3001 983 3079 postquam
997 2995 1138 3057 carmine
1151 2994 1233 3058 dieto

322 3089 496 3153 Excessere
510 3090 793 3179 deae,stagrcatem
808 3103 908 3159 meter
922 3096 962 3159 ab
972 3097 1052 3182 igue

322 3191 460 3278 Eripuit
474 3200 599 3273 torrem,
614 3197 793 3282 sparsitque
807 3197 997 3284 liprentibtes
1011 3198 1115 3262 undis.

237 3359 331 3422 Hanc
346 3357 443 3445 igitur
456 3358 607 3440 fabulam,
622 3362 715 3427 etiam
732 3363 928 3450 Apollodoro
947 3386 974 3443 1,
988 3366 1016 3429 8.
1030 3381 1061 3429 ct
1076 3365 1218 3430 Diodoro
1231 3366 1337 3432 Siculo

236 3481 269 3541 4,
283 3480 336 3546 34
352 3477 553 3526 memoratam
569 3463 619 3528 bic
634 3465 776 3550 sequitur
791 3467 972 3554 AEscbylus.
997 3469 1098 3532 SCH.

279 3567 355 3647 607.
377 3565 503 3648 πνρόαῆ]
525 3565 655 3647 rupicis
679 3569 782 3633 Tum.
807 3569 914 3655 Steph.
937 3591 977 3632 ex
1003 3569 1105 3634 verbis
1124 3569 1296 3635 scholiastae
1317 3573 1336 3650 ἡ

235 3666 417 3745 παιδολύμας
432 3667 482 3729 καὶ
495 3666 635 3748 rapiaris.

281 3766 353 3830 608.
371 3767 551 3858 καταίθουσα
567 3770 731 3833 Canterus.
763 3773 906 3835 καῖθουσα
920 3771 1003 3850 libri,
1019 3770 1075 3834 nisi
1090 3771 1177 3856 quod
1192 3795 1230 3835 ex
1248 3773 1300 3835 M.
1316 3776 1336 3852 ἡ

236 3870 361 3930 αἴθουσα
374 3880 569 3931 annotatum.

279 3970 352 4051 609.
375 3967 476 4053 ἥλικα]
500 3967 581 4045 Quia
602 3968 699 4055 hujus
726 3969 842 4034 titionis
863 3973 1055 4037 conservatio
1081 3995 1153 4037 cum
1181 3972 1336 4062 Meleagri

234 4090 341 4134 recens
356 4066 419 4130 nati
436 4067 535 4132 salute
546 4069 807 4157 conjungebatur,
822 4087 905 4136 recte
918 4088 1041 4160 poterat
1057 4075 1213 4163 Meleagri
1228 4099 1335 4164 aequc·

233 4172 275 4236 lis
289 4170 361 4235 dici.
385 4170 484 4249 SCH:

278 4274 344 4338 ἐπεὶ
357 4272 461 4352 μολὸν
474 4299 501 4334 κ.
513 4297 540 4336 τ.
554 4278 585 4336 λ.
602 4291 642 4336 να
655 4292 689 4335 eo
705 4280 838 4359 tempore
848 4297 908 4362 quo
922 4297 1028 4341 recena
1041 4287 1138 4343 rectos
1153 4281 1291 4366 vagivit,
1306 4291 1336 4345 et

234 4384 525 4461 mrttemporarteum
548 4374 658 4460 eiper
683 4374 803 4438 vitem:
827 4377 870 4440 sic
894 4392 976 4443 recte
1001 4378 1225 4466 interpretatur
1248 4381 1336 4447 scho-

234 4477 333 4542 liasta.
356 4475 529 4541 BLOMF.
566 4474 640 4554 ἡνίκ’
656 4475 807 4554 ictuatus
821 4476 897 4542 Ald.
