2984 5054
522 365 589 430 AD
613 365 883 430 SUPPLICES.
1189 363 1254 428 685

201 547 273 613 149.
293 544 365 614 1511.
390 528 573 607 Scholiasta,
590 530 657 594 ἀντὶ
671 536 723 594 τοῦ
737 530 879 612 ῥυσάσθω
901 530 919 609 ἡ
939 527 1086 610 παρθένος
1106 528 1182 607 ἡμᾶς
1202 529 1255 593 τὰς

153 630 329 711 παρθένους.

200 747 270 817 155.
297 730 316 813 ἢ
339 735 495 799 διόκτντον
521 727 604 798 ttob.
632 732 741 820 Steph.
774 734 949 813 ἡδιόκτντον
973 731 1024 794 Μ.
1049 729 1125 794 Α111.
1149 730 1253 795 Τ11111.
1310 775 1315 784 .

153 834 254 897 Recte
269 833 310 897 ab
326 833 509 899 Wellauero
523 832 722 898 emendatum
738 833 926 912 ἡλιόκττντον.
965 830 1119 895 Doleotur
1132 853 1256 895 comma

153 951 225 1022 post
238 937 327 1017 γένος
341 936 489 1022 positum.

202 1039 271 1119 156.
301 1039 462 1119 τοῦγγαιον
490 1037 581 1101 lectio
614 1035 749 1101 absurde
783 1035 970 1123 interpolata
997 1034 1038 1099 ab
1068 1037 1184 1112 Tum,
1213 1034 1254 1099 ab

156 1138 264 1220 Steph.
289 1137 420 1223 aliisque
442 1153 623 1225 propagata.
647 1141 786 1202 τόνταιον
801 1138 851 1200 Μ.
877 1136 985 1201 Guelf.
1001 1136 1079 1201 Ald.
1103 1137 1156 1200 τὸν
1170 1139 1255 1201 ταέον

156 1240 228 1301 Par.
252 1240 305 1303 τόν
327 1241 411 1303 ταιὸν
434 1239 534 1303 codex
557 1238 743 1316 Robortelli,
765 1238 820 1325 qui
844 1238 910 1326 ipse
935 1262 975 1302 ex
999 1239 1180 1323 conjectura
1202 1238 1256 1302 τὸν

154 1341 248 1423 ταγὸν
261 1340 369 1405 edidit.
391 1342 445 1407 τὸν
459 1344 584 1425 ἀγροΐον
595 1341 735 1427 Etymol.
746 1341 887 1407 Gudion.
901 1364 933 1428 p.
945 1360 1021 1424 227,
1033 1360 1086 1422 42.
1102 1352 1133 1404 et
1147 1362 1253 1426 gram

155 1442 286 1506 moticus
300 1442 332 1506 in
349 1444 488 1507 Crameri
504 1443 628 1508 Anecd.
646 1446 751 1507 Oxon.
766 1442 826 1506 vol.
843 1462 873 1509 2.
896 1464 929 1529 p.
940 1463 1016 1528 443,
1036 1462 1085 1508 12·
1103 1441 1186 1505 unde
1201 1441 1256 1506 τὸν
1317 1513 1320 1517 ,

157 1545 276 1626 Ζαγρέα
290 1544 487 1611 scribendum
506 1546 670 1611 videbatur
685 1545 872 1610 Blomfieldo
886 1545 918 1608 in
936 1544 1095 1610 Glossario
1109 1543 1149 1607 ad
1167 1545 1254 1630 Sept.

155 1668 183 1707 c.
207 1645 314 1710 Theb.
335 1648 408 1731 858.
431 1647 511 1712 male
534 1647 697 1712 intellectis
716 1646 910 1734 grammatici
936 1646 976 1711 de
996 1647 1120 1731 Zagreo
1142 1645 1255 1709 verbis.

157 1747 272 1812 Veram
290 1750 473 1837 scripturam
485 1750 540 1815 τὸν
553 1750 642 1833 γόϊον
656 1750 792 1815 restituit
804 1750 1018 1814 Wellauerus.
1040 1746 1095 1812 τόν
1110 1748 1255 1831 καταχθό·

157 1850 339 1932 νιονἋιῦην
353 1851 503 1940 explicuit
518 1851 691 1916 scholiasta.
729 1851 897 1917 Plutonem
920 1853 1007 1943 dicit,
1023 1853 1077 1938 qui
1102 1851 1177 1919 Zeis
1197 1856 1256 1914 τῶν

157 1955 341 2032 κεκμηκότων
355 1968 494 2019 vocatur.
518 1954 592 2022 Ζεὺς
607 1956 802 2038 καταχθόνιος
815 1977 867 2040 ap.
884 1956 1017 2019 Homer.
1034 1953 1072 2017 Il.
1089 1961 1115 2032 1,
1129 1968 1204 2037 457.

203 2072 275 2138 157.
295 2056 364 2138 158.
380 2070 412 2119 et
432 2073 501 2138 171.
521 2071 592 2139 172.
607 2055 829 2141 conjungendi.

203 2157 274 2238 158.
292 2157 388 2244 Ζῆνα]
406 2158 467 2221 Δία
481 2157 673 2243 grammatici
689 2157 783 2221 modo
797 2157 894 2223 citati.

205 2259 274 2323 162.
298 2257 317 2319 ἃ
334 2255 414 2335 Ζῆν’,
428 2256 504 2324 Ἰοῦς
519 2261 553 2322 lh
570 2258 794 2345 Bernhardyus
807 2259 839 2322 in
855 2258 934 2323 libm
948 2257 988 2322 de
1003 2259 1125 2344 syntaxi
1143 2260 1258 2323 Graeco

157 2381 189 2445 p.
205 2377 275 2442 134.
291 2359 464 2437 ὰζηνιονσέοι
477 2361 529 2423 Μ.
546 2361 620 2423 Par.
643 2360 725 2440 ἆζηνὶ
739 2361 830 2424 otiolo
841 2360 949 2425 Guels.
965 2360 1042 2424 ΑΜ.
1067 2362 1149 2439 όζηνι
1164 2385 1256 2424 occlto

157 2458 255 2524 codex
281 2459 467 2537 Robortclli,
493 2460 550 2546 qui
575 2463 599 2524 8
622 2467 681 2525 Ζεῦ
705 2460 791 2534 Ἰοῦς,
818 2463 852 2525 ἰὼ
874 2485 914 2525 ex
940 2462 1119 2547 conjectum
1147 2459 1257 2538 edidit,

158 2562 289 2646 repetita
304 2561 345 2625 ab
362 2561 469 2649 Steph.
485 2560 509 2625 ὦ
525 2568 584 2626 Ζεῦ
600 2565 687 2626 ἰοῦσα
703 2562 805 2625 Tum.
834 2562 1038 2626 Scrihendum
1056 2563 1075 2625 θ
1092 2566 1165 2640 Ζὰν,
1179 2561 1258 2629 Ἰοῦς

158 2665 282 2726 11111111
304 2663 525 2749 Bombergero.
570 2665 616 2727 Et
638 2663 681 2727 sic
697 2664 763 2750 jam
789 2663 945 2728 Salvinius
966 2663 1052 2751 apud
1076 2662 1256 2741 Butlcrum,

159 2764 216 2827 nisi
231 2765 316 2850 quod
333 2766 396 2845 Ζήν
410 2765 556 2831 servavit.

204 2869 275 2950 163.
290 2866 436 2951 μάστειρ’]
456 2869 520 2931 Ρ1ο
533 2868 724 2949 μοστέκτειρα
738 2867 891 2954 accepisse
906 2867 1030 2934 videtur
1044 2868 1217 2945 scholiasta,
1233 2866 1257 2932 ὦ

159 2972 227 3041 Ζεῦ,
244 2970 262 3047 ἡ
277 2972 359 3050 παρὰ
368 2974 427 3033 τῶν
437 2974 514 3033 θεῶν
524 2974 609 3049 μῆνις
619 2973 694 3034 κατὰ
704 2967 780 3037 Ἰοῦς
792 2970 857 3033 ἐστὶ
871 2970 1080 3053 μοστιγοντική.
1102 2968 1256 3052 μνόστειρ’

158 3071 343 3132 Peorsonus.

200 3173 234 3235 ἐκ
248 3169 337 3254 θεῶν]
354 3169 449 3235 ἐκθέει
464 3171 660 3239 Schuetzius.

204 3275 274 3354 164.
292 3278 385 3335 κοννῶ
400 3270 425 3335 δ’
441 3272 531 3359 όταν]
547 3273 694 3359 Agvtotco
707 3283 811 3338 autem
825 3295 951 3351 noxam,
967 3273 1001 3336 11.
1016 3297 1043 3337 e.
1057 3273 1134 3337 iram
1154 3274 1257 3361 perni-

157 3375 282 3452 ciosam,
296 3375 320 3437 J
322 3373 388 3437 ovis
401 3375 560 3460 conjugis,
574 3376 709 3437 omnium
725 3375 894 3440 cclestinm
908 3376 1093 3439 numinibus
1106 3379 1256 3462 potentio-

158 3497 233 3539 rem.
268 3474 410 3560 Hesych.
427 3480 554 3539 Κοννεῖν
569 3473 714 3548 συνιέναι,
734 3476 923 3549 ε’πέστασθοι,
938 3492 970 3541 et
992 3480 1149 3549 Κοννοῦσι,
1165 3479 1254 3559 γινό-

157 3602 274 3641 σκονσι.
299 3578 399 3640 SCH.
438 3575 626 3640 κοννονδόταν
645 3576 865 3640 Μ.Ρ11.Α111.
883 3579 966 3641 ltob.
1005 3574 1186 3653 Scholiasta,
1202 3577 1256 3656 τὴν

157 3682 207 3755 τῆς
221 3676 321 3759 Ἤρας
340 3682 391 3756 τῆς
413 3680 446 3741 έν
469 3679 590 3762 ἀνδρεία
612 3680 737 3757 νικώσης
757 3677 871 3745 πόντος
889 3679 957 3746 τοὺς
975 3680 1009 3742 ἐν
1026 3677 1141 3762 οὐρανῷ
1159 3680 1255 3745 θεούς.

158 3780 206 3842 καὶ
221 3777 267 3862 ἐφ’
283 3780 359 3859 ἡμᾶς
373 3781 427 3843 οῦν
441 3779 578 3861 ἔφθασεν
591 3780 610 3858 ἡ
624 3783 710 3859 μῆνις
724 3784 775 3859 τῆς
784 3777 895 3861 Ἥρας.

199 3884 329 3964 γαμετᾶς
357 3882 548 3963 οὐρανόνικον
573 3883 742 3946 Porsottus.
779 3880 1082 3964 γαμετονρανόνεικον
1109 3880 1156 3943 M.
1180 3881 1253 3944 Par.

158 3984 266 4047 Guelf.
293 3984 377 4046 Rob.
415 3980 517 4065 γόμετ’
542 3983 749 4063 οὐρανονείκου
778 3982 856 4048 Ald.
889 3986 1020 4065 γαμετᾶς
1047 3982 1255 4064 οῦρανονεέκου

157 4084 263 4147 Tum.
280 4085 389 4170 Steph.

205 4188 272 4268 165.
295 4188 600 4272 χαλεποῦ-χειμὼν]
617 4188 646 4251 A
666 4188 837 4254 vehementi
858 4189 943 4252 enim
960 4186 1097 4273 procella
1118 4186 1255 4249 eaectma

150 4286 294 4370 procedit
314 4287 379 4349 ltcec
397 4297 574 4373 tempestat,
594 4288 623 4351 h.
639 4311 665 4351 e.
690 4289 837 4375 pericula,
856 4311 929 4374 quae
949 4310 1006 4351 nos
1030 4300 1153 4372 urgent,
1176 4283 1255 4348 adeo

155 4386 362 4472 gravissunt,
377 4404 413 4451 ut
427 4387 512 4451 haud
528 4387 593 4452 sine
607 4388 677 4452 iroti
692 4390 826 4476 alicujus
841 4388 978 4452 numinis
995 4389 1127 4474 ejusque
1144 4401 1254 4473 poten-

157 4487 264 4552 tissimi
279 4488 311 4551 vi
325 4503 356 4551 et
370 4487 498 4552 consilio
512 4488 667 4553 concitata
681 4489 856 4556 videantur.
880 4490 979 4553 SCH.

677 4612 735 4671 4Ε
