2984 5054
247 344 313 406 ets
606 343 984 408 ANNOTATIONES

288 530 362 596 314.
386 511 456 577 τόδε
477 513 588 598 φωνεῖ]
604 516 722 600 Agam.
737 534 828 598 1304.
852 514 1094 577 δακτνλόόεικτον
1114 508 1138 572 δ’
1154 509 1244 574 Οὐτις
1259 508 1344 569 όπει·

245 613 310 677 σὺν
324 615 416 695 εἴργει
428 613 597 696 μελάθρων,
612 616 725 695 Μηκίτ’
740 615 877 696 ίσίλθῃς,
892 615 963 681 τάδε
977 618 1095 697 dende.
1119 609 1295 674 BLOMF.

286 729 687 803 3¹5*322=332-339·

286 823 685 904 323-331=354-3⁶²

286 922 683 1006 345-353=363·-371-

285 1019 684 1109 380-384=394-399·

286 1121 684 1208 385-393=410-417·

285 1224 685 1308 405-4o9=418-422.

283 1343 684 1410 423=433=444-455·

284 1428 684 1513 434-438=439-443·

281 1533 681 1616 456-460=461-465.

280 1634 679 1717 4664470=471-475·

281 1750 357 1819 315.
372 1734 543 1817 αίνοπότηρ,
559 1736 730 1821 laffustan
744 1743 850 1821 paler.
872 1737 889 1797 ό
905 1735 953 1799 ἐπὶ
967 1736 1061 1801 αίνοῖς
1073 1731 1179 1813 πατήρ.
1195 1727 1337 1816 Hesyoh.

240 1833 418 1900 Αίνόνοκοςε
445 1835 462 1895 ὁ
485 1833 535 1898 tat
556 1837 633 1920 κακῷ
654 1835 780 1917 τεχθείς.
825 1836 907 1897 Cum
935 1833 1084 1898 hocloco
1108 1830 1340 1918 comparandus

239 1932 353 2020 Eurip.
376 1934 431 1997 Or.
451 1953 543 2020 1223.
568 1934 625 1998 ubi
650 1936 776 1998 Orestes
801 1949 920 2021 patrem
949 1934 991 2000 sic
1015 1933 1159 2007 invocat3
1187 1930 1233 1996 ’ll
1255 1935 1339 2010 δῶμα

238 2035 330 2098 ναίον
348 2034 452 2103 νυκτὸς
473 2038 629 2117 ὀρφναίας,
649 2036 753 2119 πάτερ,
769 2042 868 2102 Καλεῖ
888 2035 916 2100 σ’
938 2036 1084 2118 Ὀρέστης
1104 2041 1176 2103 παῖς
1197 2033 1251 2100 σὸς
1273 2033 1338 2099 ἐνί-

239 2161 346 2218 κονρον
359 2143 466 2216 μολεῖν
478 2144 551 2206 Τοῖς
565 2139 742 2219 δεομένοισι.
766 2140 941 2204 BLOMF.

278 2258 314 2324 3¹
325 2253 353 2322 7.
368 2239 415 2317 dn,
432 2240 553 2328 ἕκαθεν]
571 2241 670 2306 Metri
685 2240 796 2306 vitium
810 2240 937 2306 sustulit
952 2242 1156 2305 Hermanuus
1170 2239 1211 2303 ad
1227 2236 1334 2323 Viget.

236 2364 268 2428 p.
285 2360 358 2429 729.
373 2341 559 2429 corrigendo
573 2345 715 2426 ἄγκαθεν.

278 2446 413 2532 οὐρίσας]
427 2446 468 2511 Id
483 2462 530 2512 est
543 2447 664 2530 οὐρίσας
677 2447 731 2512 τὸν
744 2445 868 2528 λόγονῆ
882 2445 916 2509 τὸ
928 2445 1028 2527 ἔργον.
1044 2442 1334 2509 LACHMANN.

234 2545 275 2611 de
299 2549 383 2612 chor.
408 2563 483 2635 syst.
505 2572 538 2635 p.
558 2550 627 2613 108.
673 2549 736 2627 Qui
760 2546 972 2633 interrogandi
998 2545 1122 2632 signum
1143 2558 1215 2632 post
1238 2545 1333 2618 εὐναὶ,

233 2671 354 2714 comma
368 2665 473 2714 autem
489 2664 561 2736 post
576 2653 729 2733 ἰσόμοιρον
742 2648 858 2738 posuit.
896 2651 942 2713 Et
956 2648 1036 2713 hanc
1049 2646 1333 2735 interpunctionem

234 2765 359 2815 secutus
382 2766 428 2816 est
449 2750 625 2829 scholiasta,
646 2753 737 2839 cujus
758 2750 990 2815 annotationem
1009 2749 1112 2814 versui
1134 2768 1211 2834 319·
1232 2768 1332 2835 appo-

234 2871 354 2916 nemus.

275 2972 350 3036 3¹9·
381 2955 534 3036 ἰσόμοιρον
559 2955 663 3018 Turn.
691 2953 800 3039 Steph.
828 2955 1011 3034 ίσοτίμοιρον
1036 2952 1087 3016 Μ.
1114 2951 1224 3017 Guelf.
1251 2951 1332 3016 Ald.

233 3054 318 3119 Rob.
341 3053 425 3119 uude
445 3055 631 3122 Erfurdtius
651 3055 692 3121 ad
716 3057 814 3142 Soph.
836 3055 954 3121 Electr.
970 3057 1021 3120 86.
1045 3056 1215 3136 όντίμοιρον
1235 3053 1334 3119 norri-

230 3155 369 3242 gendum
385 3180 450 3223 esse
463 3158 618 3223 censebat.
658 3167 680 3200 “
696 3159 759 3224 Cui
773 3159 877 3223 favere
892 3156 1035 3222 videatur
1050 3155 1223 3222 scholiastae
1235 3156 1333 3220 inter-

232 3258 378 3344 pretatio,
404 3261 511 3326 ἕκαθεν
532 3262 669 3344 οὐρίσαςι
705 3260 857 3344 πόρρωθέν
879 3284 936 3324 σον
957 3260 1180 3341 ἀφοριζόμενος·
1214 3259 1254 3325 σὺ
1274 3261 1333 3340 μὲν

231 3362 289 3443 γαρ
305 3362 339 3424 ἐν
354 3363 460 3448 σκότῳ,
477 3364 537 3446 ἐγὼ
552 3366 585 3428 δὲ
600 3367 634 3429 ἐν
648 3369 688 3451 τῷ
704 3365 790 3446 φωτί
814 3364 951 3428 ἐναντίον
964 3365 1023 3443 γὰρ
1036 3361 1071 3425 τό
1086 3367 1151 3443 φῶς
1164 3364 1205 3447 τῷ
1219 3364 1329 3447 σκότῳ.

230 3462 286 3528 Ab
308 3466 493 3530 Hermanno
514 3466 644 3531 Observ.
668 3466 736 3545 crit.
758 3489 790 3552 p.
814 3466 865 3549 89.
888 3461 1074 3549 intelligitur
1094 3464 1153 3527 luc
1174 3465 1330 3550 contiguo

229 3568 377 3631 tenebris.
423 3567 485 3632 Sed
507 3582 574 3633 tota
594 3568 692 3655 hujus
712 3566 772 3632 loci
793 3565 958 3631 difficultas
979 3587 1019 3630 ex
1039 3588 1078 3631 eo
1098 3565 1226 3652 pendet,
1241 3565 1340 3654 quod·

230 3688 293 3732 uon
307 3684 533 3755 perspexerunt
547 3670 731 3756 interpretes
745 3669 824 3751 φόος
841 3667 1052 3735 accusativum
1074 3692 1150 3749 esse,
1170 3669 1211 3735 ad
1233 3668 1331 3757 parti·

228 3767 345 3853 cipium
361 3769 482 3849 οὐρίσας
496 3770 722 3855 pertinentem
746 3792 853 3834 sensus
867 3786 924 3846 est,
943 3771 1028 3845 Quid
1047 3773 1152 3837 dicam
1171 3781 1230 3839 out
1251 3773 1331 3859 quid

215 3868 408 3953 ιγίνοίοσιμιέ
426 3873 678 3956 protpemflotu
699 3890 716 3934 e
735 3871 919 3957 ongtnqaa
937 3873 992 3937 νύὁ
1014 3881 1043 3937 ts
1063 3873 1178 3939 1ιαύοαύ
1197 3875 1330 3952 cubilia,

229 3968 307 4031 milti
328 3971 476 4054 expedire
495 3974 617 4057 possim
640 3973 737 4034 lucem
761 3973 894 4037 latebris
920 3976 1094 4061 equalem?
1120 3977 1157 4060 (i.
1172 4000 1200 4042 e.
1222 3977 1330 4043 loetam

228 4069 400 4146 fortunam,
415 4093 489 4155 quae
502 4071 691 4135 calamitates
704 4094 902 4158 compensare
923 4091 1037 4160 queat3
1076 4092 1112 4143 ut
1128 4089 1204 4166 post
1224 4088 1331 4145 mum

227 4177 418 4234 renoventur
438 4172 565 4257 gaudio
589 4173 717 4256 luctus.)
762 4175 847 4237 Cum
872 4175 931 4241 hoe
954 4177 1073 4264 optime
1098 4180 1257 4266 quadrant
1282 4204 1329 4247 ae·

227 4270 367 4357 quentia,
382 4279 449 4335 tum
464 4293 538 4335 vero
548 4274 674 4358 gvatioe
688 4274 930 4354 celebrarentur,
944 4279 1044 4344 ίιιοιιο
1058 4282 1329 4369 honoremfireno

227 4372 352 4435 Atridis
362 4373 514 4455 pristinis
528 4373 644 4436 sedium
659 4373 823 4438 dominis?
846 4378 1020 4443 BLOMF.
1067 4383 1242 4452 Scholiasta
1255 4402 1329 4474 post
