2984 5054
187 355 256 419 642
406 356 642 421 ADDENDA
667 357 731 419 ET
756 357 1084 420 CORRIGENDA.

239 530 276 591 P.
291 531 364 609 462.
383 551 412 591 v.
424 544 500 612 374.
525 527 649 591 Chorus
671 526 829 591 Electram
852 527 994 612 castigat,
1017 526 1105 612 quod
1127 526 1238 591 nimiis
1263 530 1315 592 in-

195 630 336 716 dulgeat,
351 642 460 716 optare
474 630 557 692 enim
572 628 699 716 quidem
715 651 782 692 cam
799 651 897 715 possa
926 628 1056 693 Praeivit
1068 630 1166 692 Hom.
1180 631 1252 694 Od.
1266 640 1312 709 Δ,

198 732 272 812 827.
287 733 362 809 Τοίη
376 731 435 814 γάρ
450 734 479 795 οἱ
492 732 609 810 πομπὸς
629 730 676 810 ἀμ’
694 732 824 812 ἔρχεται,
840 732 911 811 ἤντε
934 734 982 796 καὶ
997 734 1088 796 ἄλλοι
1103 733 1211 813 ἀνέρες
1234 735 1313 816 ἠρή-

196 861 290 899 σαντο
312 835 544 916 παρεστάμεναι,
560 836 682 898 δύναται
703 840 771 915 γάρ,
791 837 920 899 Παλλὰς
933 833 1086 913 Ἀθηναίη.
1134 834 1174 899 Il.
1190 841 1231 909 E,
1252 853 1310 920 25.

195 938 378 1021 Τηλέμαχον
399 941 432 1002 δὲ
455 939 494 1002 σὺ
515 938 638 1019 πέμψον
661 935 873 1015 ἐπισταμένως,
897 939 1022 1000 δύνασαι
1036 937 1104 1017 γάρ.
1144 937 1197 1001 Cf.
1216 941 1309 1004 Eur.

198 1039 272 1126 Iph.
283 1041 327 1103 Τ.
340 1043 391 1104 62.
408 1046 461 1105 νῦν
472 1042 526 1104 οὖν
541 1043 663 1125 ἀδελφῷ
674 1042 824 1118 βούλομαι
839 1044 942 1102 δοῦναι
955 1044 1029 1122 χοὰς
1043 1039 1168 1121 παροῦσ’
1181 1043 1309 1122 ἀπόντι,

195 1147 289 1205 τοῦτο
303 1147 361 1224 γὰρ
376 1143 524 1223 bucolia&
536 1144 582 1206 ἀν.
608 1142 753 1218 ΒΑΜΒ.

240 1245 280 1307 Ρ.
296 1246 371 1324 464.
394 1268 424 1308 v.
446 1265 521 1330 399,
538 1254 565 1310 8.
589 1243 687 1308 adde:
721 1244 852 1307 Rectius
879 1243 1110 1328 Bambergerus
1139 1249 1243 1310 Κλΰτε
1271 1249 1311 1311 δέ

195 1371 251 1423 τοι,
266 1349 397 1428 χθονίων
412 1351 534 1426 τιτῆναι,
550 1345 608 1410 nisi
622 1345 709 1432 quod
725 1351 814 1418 κλῦτε
835 1345 905 1409 τάδε
926 1367 998 1408 cum
1020 1343 1210 1409 Blomfieldo
1225 1350 1308 1412 scri-

196 1448 347 1512 bendum.

239 1588 369 1602 --—
391 1575 420 1615 v.
435 1554 510 1632 406,
534 1569 563 1614 2.
589 1552 699 1615 Versui
721 1550 944 1636 antistrophico
964 1565 1108 1614 accurate
1129 1552 1309 1635 respondet

196 1653 396 1733 φθινομένων,
409 1654 494 1739 quod
510 1653 642 1740 conjecit
657 1653 833 1716 Ahrensius
846 1652 878 1714 in
891 1653 1031 1716 Censura
1046 1652 1190 1716 editionis
1203 1655 1307 1719 Bam-

196 1754 320 1840 bergeri
336 1754 366 1817 in
383 1755 472 1818 Diar.
489 1754 619 1818 Halens.
635 1777 664 1817 a.
678 1756 770 1833 1841.
786 1755 850 1818 vol.
867 1775 892 1817 1.
909 1778 939 1841 p.
955 1774 1029 1841 543.

240 1858 278 1920 Ρ.
293 1859 367 1940 465.
386 1880 413 1919 v.
429 1857 613 1941 423-428.
627 1855 930 1942 Hos-Muellerus]
945 1859 1127 1943 423-428.
1142 1858 1212 1921 Hos
1228 1882 1303 1924 ver-

196 1981 249 2022 sus
262 1958 367 2037 chor0,
383 1977 567 2043 429-433.
584 1960 721 2023 Electrae
736 1959 846 2023 tribuit
861 1959 1046 2024 Muellerus.

240 2094 369 2125 -r-
382 2083 412 2124 v.
427 2079 502 2145 423.
528 2060 631 2125 Locus
645 2061 752 2126 multis
775 2062 875 2127 modis
890 2075 1028 2127 tentatus
1049 2061 1149 2126 lucem
1171 2062 1302 2147 accipit,

195 2163 382 2227 siaoristum
400 2165 499 2245 ἔκοψα
514 2163 662 2251 temporis
676 2165 839 2251 praesentis
860 2165 1083 2252 significatione
1097 2164 1157 2228 dici
1179 2165 1301 2230 intelli-

194 2278 300 2353 gatur,
316 2281 352 2329 ut
363 2267 476 2331 chorus
488 2266 737 2332 lamentationem
752 2267 917 2342 describat,
930 2290 1025 2353 quam
1040 2290 1078 2329 eo
1092 2267 1161 2353 ipso
1176 2281 1301 2354 tempo-

195 2369 237 2433 ris
258 2386 415 2433 momento
437 2383 508 2457 post
532 2370 650 2435 Orestis
673 2384 705 2434 et
724 2370 861 2435 Electrae
887 2368 1121 2433 lamentationes
1140 2367 1299 2435 instituat.

196 2473 247 2536 De
261 2471 405 2558 praesenti
418 2487 522 2536 autem
539 2472 666 2559 planctu
682 2472 785 2537 locum
802 2471 1036 2558 intelligendum
1051 2493 1128 2548 esse,
1143 2470 1300 2557 interpre-

193 2591 240 2640 tes
261 2599 387 2639 monere
407 2590 529 2662 poterat
549 2599 684 2662 praesens
700 2578 851 2657 ἐπιρροθεῖ
869 2598 898 2638 ν.
914 2590 989 2655 427,
1006 2595 1078 2659 quae
1093 2587 1140 2636 est
1153 2573 1299 2638 omnium

193 2678 343 2742 librorum
369 2679 477 2752 lecti0;
504 2679 673 2764 quominus
694 2676 931 2764 intelligeretur,
954 2676 1058 2740 offecit
1084 2697 1146 2739 una
1169 2698 1232 2739 vox
1258 2675 1300 2758 ἦν

193 2803 223 2844 v.
239 2798 314 2864 425.
332 2780 382 2843 cui
398 2779 540 2843 mendam
556 2779 692 2866 aliquam
708 2781 807 2843 inesse
821 2781 913 2843 etiam
935 2778 1119 2842 antecedens
1140 2777 1300 2864 particula

195 2881 229 2946 δέ
242 2880 404 2944 ostendere
420 2897 552 2967 poterat,
567 2904 663 2967 quam
686 2882 816 2945 fuerunt
830 2881 886 2969 qui
908 2881 939 2945 in
960 2907 993 2945 τε
1013 2893 1181 2945 mutarent.
1226 2883 1299 2947 Nos

194 3005 256 3046 non
280 2981 460 3045 dubitamus
482 2982 558 3068 quin
582 2972 655 3046 vera
668 2982 760 3047 lectio
778 2983 817 3047 sit
838 2982 1042 3064 πολυπλάνητ’
1058 2985 1131 3063 ἀδην
1153 2985 1237 3063 ἰδεῖν,
1254 3008 1296 3049 sc.

195 3088 270 3150 ἐστι.
306 3088 452 3149 Ceterum
480 3086 611 3173 dignum
637 3101 684 3151 est
708 3087 796 3174 quod
819 3101 1018 3175 comparetur
1042 3108 1164 3150 carmen
1193 3087 1297 3175 Soph.

194 3188 250 3274 Aj.
266 3190 339 3272 678.
352 3212 418 3275 sqq.
435 3189 521 3275 quod
537 3206 568 3254 et
590 3190 691 3278 ipsum
712 3214 783 3254 cum
807 3190 968 3254 saltatione
985 3191 1133 3276 junctum
1157 3190 1298 3254 numeris

193 3289 345 3355 similibus
367 3290 504 3356 decurrit
526 3305 557 3356 et
580 3293 681 3380 primo
703 3316 734 3357 v.
751 3292 879 3356 similem
903 3291 1050 3356 orationis
1071 3291 1295 3356 conformatio-

192 3416 262 3456 nem
279 3393 390 3458 habet:
409 3393 528 3477 Ἐφριῖ
546 3396 640 3477 ἔρωτι,
656 3396 816 3479 περιχαρὴς
830 3393 854 3459 δ’
871 3396 1050 3473 ἀνεπτόμαν.
1076 3394 1219 3457 ΒΑΜΒ.
1237 3395 1295 3481 qui

192 3519 221 3558 v.
237 3497 418 3584 423-428.
435 3496 541 3575 choro,
564 3518 628 3583 429
646 3499 694 3580 (ἰὼ
717 3497 919 3581 δεινὴ-433.
943 3496 1091 3574 Electrae,
1106 3516 1294 3582 439-443.

192 3598 299 3679 choro,
334 3616 518 3685 444-450.
550 3598 673 3682 (τοιοῦτ’
703 3601 818 3663 ἁκούων
844 3601 878 3664 ἐν
911 3600 1021 3681 φρεσὶν
1049 3599 1167 3681 γράφον
1193 3630 1217 3659 υ
1241 3603 1293 3682 -.)

192 3702 339 3778 Electra),
354 3718 429 3786 451.
449 3700 497 3779 (δι’
516 3702 598 3765 ὤτων
621 3701 644 3765 δ’
661 3703 854 3787 ἔσω-455.
877 3703 973 3766 choro
995 3701 1114 3765 tribuit.
1160 3701 1295 3765 Rectius

192 3804 369 3870 Ahrensius
391 3805 421 3867 in
439 3806 579 3869 Censura
595 3828 624 3891 p.
638 3821 712 3890 543,
728 3805 842 3892 partim
858 3828 929 3868 cum
946 3805 1074 3890 vulgata
1088 3825 1293 3890 personarum

191 3907 397 3995 descriptione
426 3907 631 3986 consentiens,
663 3932 692 3971 v.
722 3927 904 3992 423-433.
934 3905 1080 3983 Electrae,
1106 3907 1292 3992 434-438.

191 4008 306 4085 Oresti,
320 4030 504 4095 439-443.
520 4010 624 4089 choro,
641 4022 791 4092 444-45
792 4024 823 4093 5.
842 4007 974 4072 Electrae
988 4008 1108 4072 tribuit.

234 4109 272 4173 P.
288 4111 362 4188 466.
380 4133 408 4172 v.
424 4126 499 4195 427.
515 4110 613 4196 recte]
632 4110 793 4174 Deleatur.

231 4246 362 4263 --
376 4234 405 4275 v.
420 4231 496 4296 429.
512 4211 664 4276 Deleatur
678 4210 845 4275 annotatio.

234 4349 363 4368 --
379 4337 406 4376 v.
422 4333 607 4398 439-443.
625 4313 730 4376 Choro
745 4311 935 4377 tribuantur.

234 4421 271 4484 P.
287 4422 361 4503 467.
377 4441 408 4481 v.
423 4433 605 4502 444-455.
623 4415 744 4498 Choro]
759 4414 895 4479 Electrae

232 4558 362 4575 --
376 4545 406 4586 v.
423 4540 497 4605 449.
515 4516 683 4599 Dobroeus]
700 4518 857 4583 Dobraeus
872 4533 963 4583 recte.
