2984 5054
259 347 324 413 862
621 344 999 410 ANNOTATIONES

261 517 302 581 ab
319 514 542 601 interpretibus
563 535 625 578 non
648 514 751 601 potuit
771 511 957 599 interpolata
978 509 1179 599 quorundam
1194 508 1363 574 verborum

263 619 416 706 scriptura
431 615 578 703 deceptis.

307 721 380 806 376.
398 719 527 804 δικαίως]
544 721 625 783 Sunt
640 719 695 804 qui
712 717 821 782 malint
836 720 959 783 δίκαιον.
984 717 1154 782 STANL.

308 822 381 907 378.
397 839 471 906 379.
487 837 519 885 et
533 822 608 906 396.
624 837 699 905 397.
714 819 746 882 in
763 842 861 883 unum
878 840 1002 883 versum
1017 815 1239 904 conjungendi.

308 940 382 1009 379.
408 923 487 986 ὥστε
514 921 691 1008 κόπαρκεῖν]
718 919 788 985 ὥστ’
815 923 959 1002 ἀπαρκεῖν
982 920 1033 984 Fl.
1060 922 1221 1002 κᾶπαρκεῖν
1246 931 1294 983 est
1317 918 1368 982 rol

266 1028 414 1106 ἐπαρκεῖν.
439 1024 614 1088 BLOMF.

309 1128 382 1213 381.
407 1127 541 1212 ἔπαλξις]
557 1126 645 1191 Ordo
659 1125 826 1191 verborum
847 1122 972 1188 videtur
993 1123 1044 1187 hic
1065 1146 1142 1200 esse,
1162 1123 1198 1186 οὐ
1219 1123 1278 1204 γάρ
1300 1122 1368 1185 ἐστι

265 1231 397 1294 πλοόταυ
412 1227 536 1308 ἔπαλξις
550 1232 592 1295 είς
606 1227 765 1310 ἀφάνειαν,
783 1227 866 1307 ἀνδρὶ
880 1226 954 1307 πρὸς
968 1227 1057 1306 κόρον
1073 1225 1249 1289 λακτίσαντι
1268 1222 1368 1304 μέγαν

265 1332 372 1410 βωμὸν
392 1332 665 1399 Adae-Homini
683 1330 827 1395 Justitiae
848 1349 941 1390 aram
962 1328 1130 1393 lruolenter
1150 1327 1286 1392 calcibus
1308 1327 1368 1389 im·

261 1436 395 1521 petenti,
409 1434 531 1498 divitias
545 1434 628 1496 nihil
636 1440 774 1520 prosunt
787 1430 830 1493 αό
838 1430 1093 1515 propulsmsdum
1107 1431 1282 1494 interitum.
1315 1427 1369 1493 Sic

268 1534 513 1623 interpretantur
548 1534 726 1611 Schutzius,
757 1529 969 1617 Musgravius.
1025 1531 1152 1596 Dicitur
1180 1546 1284 1603 autern
1314 1530 1368 1595 οὐκ

269 1637 353 1702 ἔστιν
368 1638 489 1718 ἔπαλξις
503 1640 633 1702 πλοότου
647 1636 753 1701 eadem
774 1633 1002 1700 constructione
1022 1656 1086 1719 qua
1106 1633 1193 1720 apud
1217 1632 1366 1719 Sophocl.

269 1740 348 1804 (Ed.
360 1741 429 1804 Col.
444 1743 516 1805 262.
530 1742 572 1805 Τί
583 1746 656 1820 δῆτα
671 1741 764 1819 δόξης,
780 1737 799 1816 ἤ
813 1761 841 1799 τι
856 1737 996 1814 κληδόνος
1011 1741 1103 1815 καλῆς
1118 1735 1227 1814 Μάτην
1240 1735 1368 1816 ῥέονσης

270 1841 416 1922 ὠφέλημα
436 1844 592 1924 γίγνεταις
617 1841 730 1927 Eurip.
748 1838 860 1924 OEdip.
875 1838 915 1901 fr.
932 1839 960 1902 8.
983 1838 1071 1903 οὐδέν
1090 1864 1119 1902 τι
1136 1842 1187 1917 τῆς
1206 1836 1368 1919 εὐμορφίας

265 1942 414 2026 Ὀφελος,
430 1945 503 2007 όταν
517 1968 560 2009 τις
573 1947 613 2023 μὴ
628 1941 741 2024 φρένας
756 1945 849 2009 καλὰς
864 1941 927 2028 ἔχη.
953 1942 1128 2006 BLOMF.

312 2045 388 2129 384.
402 2045 592 2132 λακτίσαντι]
609 2044 815 2107 ἑκλακτίσαντι
830 2043 872 2105 Τ.

313 2147 410 2228 μέγαν
429 2147 592 2210 Cauterus.
614 2146 734 2228 μεγόλα
747 2145 829 2210 libri.

314 2248 388 2335 385.
414 2252 516 2328 βιᾶται
541 2247 565 2311 δ’
589 2251 609 2310 ἅ
633 2247 762 2312 τόλαινα
784 2248 887 2333 πειθὼ]
915 2248 996 2311 Haec
1018 2270 1147 2312 eversu
1173 2266 1243 2334 231.
1266 2258 1298 2310 et
1320 2267 1367 2330 sq.

270 2350 484 2426 illustrantur;
508 2350 562 2415 ubi
585 2349 711 2415 nefariae
733 2349 909 2416 mortalium
932 2349 1070 2415 audaciae
1090 2371 1186 2415 causa
1203 2348 1251 2413 his
1266 2347 1368 2415 verbis

271 2454 461 2520 reddebatur
472 2480 478 2518 :

529 2584 671 2662 θρασύνει
685 2584 742 2663 γὰρ
758 2584 949 2663 αἰσχρόμητις

529 2683 657 2747 τόλαινα
670 2686 828 2763 παρακοπᾶ
841 2684 1053 2764 πρωτοπήμων.

272 2861 314 2925 ibi
330 2861 426 2947 igitur
440 2859 543 2946 primo
557 2858 681 2937 delicto,
692 2857 801 2945 primae
817 2881 918 2937 uoxae,
931 2864 966 2948 τῇ
980 2861 1143 2945 πρατόρχῳ
1158 2860 1214 2947 ότη
1228 2883 1258 2924 ν.
1275 2880 1367 2946 1203.

271 2963 331 3027 hoe
356 2961 515 3039 tribuitur,
542 2978 578 3026 ut
604 2958 744 3023 homines
768 2959 809 3023 ad
838 2961 930 3048 plura
957 2962 1103 3028 audenda
1131 2962 1310 3028 fidentiores
1337 2979 1369 3029 et

271 3063 433 3129 alacriores
454 3062 574 3128 reddat.
620 3061 768 3127 Similiter
790 3063 822 3128 lr.
842 3063 863 3128 l.
892 3064 1007 3129 fiducia
1032 3065 1084 3129 illa
1109 3065 1231 3152 poetico
1256 3066 1367 3153 spiritu

271 3167 335 3231 filia
349 3169 421 3233 ἄτας
436 3188 547 3253 nempe
561 3169 612 3244 τῆς
624 3163 799 3248 πρωτόρχου
814 3166 998 3252 appellatur.
1042 3169 1124 3231 Nam
1145 3175 1369 3250 προβουλόπαις

272 3268 348 3333 nihil
364 3268 449 3332 aliud
464 3284 510 3332 est
524 3290 617 3354 quam
634 3269 804 3349 πρόβουλος
818 3274 899 3347 ταῖς,
914 3268 1181 3356 quemadmodum
1195 3270 1369 3359 AEschylus

274 3371 417 3459 Choeph.
433 3389 506 3457 312.
523 3370 685 3452 αίνοπότηρ
700 3393 758 3458 pro
772 3371 855 3439 αίνὸς
868 3373 963 3455 πατὴρ
979 3373 1091 3460 posuit.
1124 3374 1239 3460 Itaque
1253 3374 1369 3439 fiducia

272 3474 358 3540 illae
372 3473 461 3538 malis
474 3473 663 3538 facinoribus
677 3472 718 3537 ad
737 3472 829 3560 plura
846 3474 991 3563 deinceps
1009 3477 1154 3542 audenda
1173 3477 1302 3544 τάλαινα
1315 3503 1368 3542 vo-

273 3594 373 3657 catur,
388 3577 430 3642 ob
449 3576 603 3642 miseriam
624 3575 698 3641 inde
719 3574 893 3656 oriundam,
909 3581 1037 3661 ἄφερτος
1058 3579 1099 3645 ob
1121 3579 1217 3666 hujus
1238 3580 1369 3645 miseriae

272 3681 531 3766 magnitudinem,
546 3703 619 3766 quae
633 3678 756 3744 tolerari
773 3678 824 3743 vix
838 3695 951 3765 queat;
975 3683 1157 3761 πρόβουλος,
1172 3682 1247 3768 quia
1260 3682 1368 3749 eadem

272 3782 389 3846 fiducia
403 3781 520 3845 homini
534 3780 661 3845 consilia
674 3779 715 3844 ad
730 3803 813 3843 nova
824 3780 938 3846 delicta
950 3782 1173 3848 subministrat.
1212 3784 1264 3850 Sic
1281 3786 1370 3851 Paris

273 3883 409 3971 primum
435 3884 489 3967 jus
514 3880 640 3968 hospitii
666 3880 845 3962 violaverat,
867 3882 1057 3949 matrimonii
1081 3885 1274 3951 sanctitatem
1298 3910 1370 3952 oon-

274 3999 430 4063 temserat,
453 3985 540 4050 furto
569 4009 601 4050 se
627 3983 818 4073 alligaverat,
845 3985 999 4051 Helenam
1030 4008 1102 4052 cum
1127 3987 1236 4054 multis
1256 3990 1370 4077 opibus

274 4087 417 4175 capiens;
442 4086 554 4152 deinde
575 4087 721 4174 quoniam
744 4113 781 4154 ea
803 4112 851 4153 res
872 4111 911 4153 ex
932 4088 1026 4152 animi
1052 4091 1204 4157 sentenn'a
1226 4108 1369 4170 cesserat,

273 4213 311 4254 eo
333 4189 481 4276 processit
504 4189 652 4269 audacia,
673 4207 709 4255 ut
731 4213 794 4255 non
817 4191 916 4256 solum
941 4215 973 4255 se
996 4192 1150 4256 Helenam
1173 4193 1371 4259 redditurum

273 4315 338 4356 esse
359 4307 495 4378 negaret,
512 4291 565 4356 sed
583 4293 737 4358 Priamum
757 4317 885 4381 quoque
906 4310 1041 4382 putrem,
1055 4308 1236 4384 ceterosque
1259 4297 1372 4382 Troja-

274 4417 330 4460 σοι
343 4393 553 4460 funestissimo
567 4394 649 4461 bello
663 4395 844 4483 implicaret.
868 4398 966 4462 SCH.
