2984 5054
258 341 324 403 588
619 341 997 406 ANNOTATIONES

303 526 375 590 209.
392 506 415 570 ὦ
431 507 502 592 Ζεῦ]
518 506 702 571 Notandum
717 525 774 582 est,
788 523 957 595 antequam
977 509 1046 573 haec
1061 521 1093 572 et
1107 509 1269 594 sequentia
1284 531 1361 595 pro-

259 611 490 687 nuntiarentur,
514 608 633 694 puellas
653 632 725 673 cum
748 626 836 697 patre
855 610 896 674 ad
914 633 999 674 aram
1019 609 1103 675 illam
1127 611 1264 692 ἀγωνίων
1281 616 1362 675 θεῶν

257 711 450 787 concessisse,
465 710 571 797 ibique
587 710 690 774 sedem
705 710 832 798 cepisse.
858 713 958 777 SCH.

301 812 339 898 ὦ]
358 816 392 878 ἰὼ
408 815 459 878 Μ.
475 815 547 877 Par.
565 811 640 876 Ald.
660 811 744 875 Rob.

300 916 341 996 μὴ
361 915 559 998 ’τολωλότας]
585 914 626 994 μὴ
648 915 844 981 ἀπολωλότας
868 912 951 978 libri.
989 915 1194 980 Scribendum
1217 916 1362 996 pdnoho·

256 1018 358 1083 λότας.

301 1137 374 1182 212.
400 1117 497 1196 Ζηνὸς
518 1119 613 1202 ὄρνιν]
641 1119 790 1205 Sequenti
814 1119 965 1183 versiculo
986 1119 1177 1207 significatur
1197 1120 1255 1183 hac
1276 1121 1360 1206 peri-

256 1221 361 1307 phrasi
378 1221 483 1285 Solem
498 1219 639 1306 intelligi,
654 1243 725 1284 cum
740 1219 825 1306 gallo
838 1219 1009 1307 gallinaceo
1023 1236 1248 1306 comparatum.
1277 1221 1361 1285 Ideo

256 1337 361 1386 autem
379 1323 482 1385 Solem
498 1321 645 1403 ἀλέκτορα
660 1321 809 1410 appellat,
824 1322 911 1408 quod
927 1340 1061 1408 uterque
1071 1321 1261 1387 dormientes
1273 1324 1359 1388 exci-

256 1437 312 1502 tet,
329 1439 364 1488 ut
380 1424 524 1488 observat
538 1422 725 1489 scholiastes.
750 1425 849 1489 SCH.

301 1527 486 1612 κικλήσκετε]
503 1526 692 1606 κικλήσκεται
705 1529 754 1592 Μ.
768 1527 877 1593 Guels.
893 1527 969 1592 Ald.
985 1541 1016 1592 et
1029 1528 1129 1592 codex
1145 1527 1333 1592 Robortelli.

301 1650 374 1709 214
398 1632 497 1694 Hunc
519 1652 641 1694 versum
665 1630 740 1694 citat
763 1629 925 1695 Plutarch.
941 1632 1028 1694 Mor.
1051 1653 1082 1716 p.
1097 1647 1159 1712 417
1178 1631 1217 1695 F.
1236 1633 1297 1713 607
1317 1633 1356 1695 C.

256 1732 371 1796 “Ideo
395 1731 577 1819 Apollinem
603 1732 748 1795 invocant
772 1731 812 1796 ad
842 1731 1056 1819 proestandum
1086 1731 1160 1818 ipsis
1189 1731 1356 1811 auxilium,

255 1833 342 1919 quod
364 1850 396 1897 et
417 1832 484 1920 ipse
508 1832 676 1919 aliquando
701 1856 719 1897 e
741 1833 826 1898 coelis
849 1832 1005 1921 relegatus
1030 1856 1049 1897 a
1070 1835 1154 1898 Jove
1178 1835 1289 1899 fuisset
1312 1835 1355 1899 ad

254 1935 385 2000 Admeti
399 1936 571 2000 armenta.”
594 1936 761 2001 STANL.

299 2057 373 2123 215.
390 2038 483 2122 εἰδὼς]
499 2041 586 2105 αἰδὼς
600 2039 673 2101 Par.
690 2036 797 2103 Guelf.
822 2039 907 2102 εἰδὸν
921 2037 1000 2102 Ald.
1023 2040 1093 2102 ἰδὼν
1109 2041 1213 2103 Τυτη.
1229 2040 1343 2126 steph.

296 2141 441 2221 συγγνοίη
453 2138 594 2205 Lobeck.
604 2139 644 2203 ad
657 2137 829 2226 Phrynich.
844 2161 876 2225 p.
887 2154 962 2223 347.
986 2138 1187 2205 Scribebatur
1201 2139 1355 2229 ovyyvqin.

298 2243 370 2306 216.
387 2242 560 2327 συγγνοῖτο]
577 2245 676 2306 Recte
690 2247 847 2324 ξυγγνοῖτο
863 2242 1033 2304 Porsonus.

299 2363 370 2412 221.
411 2344 590 2430 ἐλευθέροις]
622 2345 663 2408 Id
692 2356 739 2408 est
768 2344 846 2407 ὥστε
875 2343 1050 2425 ἐλευθέρους
1085 2343 1160 2424 ἡμᾶς
1184 2345 1354 2426 γίγνεσθαι.

254 2447 547 2512 WELLAUER.

298 2569 371 2634 223.
395 2550 421 2614 δ’
437 2549 545 2630 ἑσμὸς]
564 2549 673 2627 δεσμὸς
687 2547 766 2612 lihri.
804 2546 950 2612 Correxit
965 2545 1132 2625 Stanleius‚
1147 2547 1203 2633 qui
1218 2549 1245 2612 δ’
1261 2548 1352 2629 ἐσμὸς

252 2665 493 2834 80ιζῖῗῖἴζεσθε,
509 2752 630 2838 κίρκων]
647 2754 761 2828 ἵζεσθαι
775 2753 867 2832 κρέκω
883 2753 934 2814 Μ.
950 2753 1023 2816 Par.
1040 2752 1147 2817 Guelf.
1164 2752 1243 2816 Ald.

297 2856 369 2919 226.
392 2855 660 2934 ὄρνιθος-φαγών
671 2854 693 2936 ;]
713 2861 735 2891 “
748 2852 956 2917 Proverbialis
972 2854 1096 2933 locutio,
1113 2855 1163 2919 cui
1184 2855 1352 2941 respondet

252 2954 412 3040 adagium,
428 2957 517 3018 canis
531 2955 680 3017 caninam
702 2976 765 3018 non
787 2965 857 3028 σείς
880 2978 930 3041 ap.
950 2959 1117 3022 Varronem
1140 2957 1180 3022 de
1203 2958 1245 3021 L.
1262 2957 1304 3020 L.
1320 2961 1353 3022 ό.

253 3058 299 3142 (ρ.
315 3073 389 3141 320.
406 3058 549 3142 Speng.).
588 3055 753 3120 «luvenalis
768 3059 834 3120 Sat.
850 3072 899 3142 15,
915 3061 983 3122 160.

380 3294 538 3380 Cognatas
551 3295 684 3359 maculis
697 3203 928 3381 sthatllilaraff’
965 3298 1134 3363 STANL.

250 3445 492 3511 Observandum
509 3457 625 3525 tamen,
640 3444 721 3511 hanc
742 3446 869 3534 phrasin
892 3447 922 3512 h.
937 3447 960 3512 l.
975 3447 1015 3513 ad
1038 3449 1158 3515 illicitas
1180 3451 1261 3516 inter
1274 3477 1350 3517 con-

250 3548 436 3633 sanguineos
452 3547 577 3634 nuptias
591 3547 756 3634 pertinere.
782 3550 882 3613 SCH.

294 3651 332 3714 ἃν
347 3649 483 3735 ἁγνεύοι]
499 3652 649 3715 ἆναινεύοι
664 3652 714 3713 Μ.
730 3651 839 3716 Guelf.
856 3651 933 3715 Ald.
957 3654 1096 3719 ἆνανεύοι
1111 3654 1195 3719 Rob.

159 3748 170 3757 ’
295 3771 369 3835 227.
384 3754 503 3840 γαμῶν]
519 3750 623 3835 γάμων
638 3751 717 3817 Ald.

293 3857 416 3922 ἄκοντος
437 3855 531 3939 πάρα]
556 3854 705 3918 Alterum
728 3869 948 3941 argumentum
975 3879 1040 3941 quo
1062 3856 1181 3921 illicitas
1204 3880 1269 3919 esse
1294 3858 1352 3922 has

249 3957 376 4043 nuptias
395 3955 566 4034 contendit,
588 3979 607 4019 a
629 3955 768 4020 dissensu
792 3956 889 4042 patris
911 3956 1054 4036 sumitur,
1070 3959 1161 4043 cujus
1184 3958 1242 4021 hac
1262 3957 1293 4020 in
1318 3982 1351 4024 re

249 4057 378 4121 arbitrio
400 4071 481 4122 stare
504 4057 691 4121 tenebantur
709 4055 852 4142 virgines.
890 4059 1036 4120 Donatus
1058 4058 1089 4121 in
1110 4057 1264 4122 Andriam
1283 4062 1348 4124 Te-

248 4160 339 4224 rentii
361 4181 394 4239 4,
416 4181 448 4240 4,
469 4181 506 4227 2:
531 4161 666 4223 Suntma
692 4166 831 4243 potestas
853 4161 1040 4245 nuptiarum
1062 4162 1098 4222 in
1122 4170 1217 4246 patre
1234 4163 1352 4248 ραεὶίκα

248 4273 302 4328 eat.
352 4260 524 4326 Hermione
538 4258 623 4344 apud
641 4256 827 4344 Euripidem
843 4259 874 4322 in
892 4259 1046 4326 Androm.
1064 4285 1094 4328 v.
1112 4264 1186 4347 988.

379 4377 606 4460 Nvudtevpdrov
619 4381 676 4458 μὲν
690 4383 750 4442 τῶν
765 4379 843 4457 ἐμῶν
857 4380 953 4462 πατὴρ
969 4381 1038 4460 ἐμὸς

375 4481 533 4563 Μέριμναν
548 4478 609 4562 ἔξει
624 4481 694 4546 rods
709 4480 782 4561 ἐμὸν
797 4484 907 4564 κρίνειν
920 4482 1000 4549 τάδε.
