2984 5054
522 375 590 477 ΙΑΙ)
614 373 910 439 EUMENIDES.
1200 375 1266 445 51⁹

206 561 239 623 4.
261 544 348 628 τρίτῳ
369 541 473 628 λθχει]
499 544 645 607 Tertium
666 552 772 608 ouum
791 544 889 607 viarm
909 543 1057 621 obtinuit,
1071 542 1128 606 tua
1142 543 1266 629 quidem

164 644 293 724 volente,
309 645 397 710 houd
410 647 457 724 ui,
472 658 510 709 ut
523 644 653 732 quidam
669 644 847 732 perhibent,
859 656 975 709 coacta.
998 645 1122 731 Nempe
1136 649 1157 682 “
1166 643 1267 731 Apol·

164 744 258 810 linem
281 745 313 810 vi
335 745 526 833 Delphicum
549 747 721 813 Oraculum
747 769 914 834 occupasse
940 759 979 812 ex
1010 745 1150 812 Pindaro
1173 747 1267 812 refert

165 844 353 926 scholiastes,
370 847 502 935 expulsa
523 848 638 914 seilicet
658 849 835 923 Themide3
861 848 996 935 ideoque
1016 850 1161 927 Terram,
1178 848 1266 913 The·

166 947 258 1012 midis
280 963 422 1028 matrem,
437 950 626 1037 quaesivisse,
647 965 684 1016 ut
705 949 737 1014 iu
761 951 933 1015 Tartarum
957 961 1025 1015 eam
1048 950 1274 1039 praeoipitaret.·

167 1048 257 1115 Idem
271 1050 348 1116 dicit
361 1066 393 1116 et
407 1051 578 1138 Euripides
590 1051 621 1115 in
639 1051 806 1139 Iphigenia
821 1053 961 1118 Taurica
975 1076 1006 1118 v.
1021 1071 1060 1118 12
1060 1066 1122 1139 59:

341 1151 440 1233 Θέμιν
454 1151 478 1217 δ’
495 1154 545 1217 έπὶ
559 1158 619 1220 Fris
633 1154 686 1217 έὸιν
699 1151 778 1219 παῖδ’-
794 1154 967 1219 ἆπενθοοτο

340 1253 399 1317 ἀπὸ
415 1253 528 1332 ζαθέων
542 1256 740 1340 χρηστηρίων.

168 1356 486 1440 etposteav.1267:
572 1443 696 1506 ra&

512 1475 556 1491 -
596 1466 648 1505 αια

343 1548 499 1607 Μαντεῖον
512 1543 656 1624 ἀφείλετο
671 1546 758 1623 τιμᾶν

342 1650 460 1726 Φοῖβον
474 1645 578 1729 φθόνῳ
594 1643 769 1725 θνγοτρθς.”
813 1645 940 1707 Sunt.

170 1759 289 1823 Utrum
304 1782 379 1824 vero
398 1759 578 1847 AEschylus,
593 1759 680 1846 quod
695 1759 746 1824 hic
760 1759 800 1824 de
812 1758 934 1823 Phoebe
948 1774 1065 1840 narrat,
1075 1760 1270 1842 oonfinxerit,

169 1883 208 1925 an
234 1861 321 1949 apud
346 1861 499 1949 Cyclioos,
523 1885 604 1948 quos
629 1875 755 1927 secutus
777 1875 833 1942 est,
856 1862 1017 1943 invenerit,
1039 1864 1186 1951 equidem
1212 1865 1269 1929 de·

169 1985 294 2028 cernere
308 1986 371 2028 non
385 1963 495 2028 ausim.
521 1964 622 2029 SCH.

214 2066 243 2129 6.
260 2064 410 2150 καθέζετο]
425 2065 578 2144 καθέζεται
593 2066 676 2130 Rob.

214 2187 243 2250 7.
265 2169 377 2253 Φοίβη]
393 2169 496 2247 Quam
510 2168 630 2233 faciunt
651 2167 792 2233 nonnulli
808 2170 942 2233 Latouae
960 2182 1090 2233 matrem
1112 2180 1189 2234 teste
1204 2170 1272 2233 He-

170 2260 284 2334 raclide
307 2293 338 2357 p.
357 2274 432 2353 416.
453 2271 502 2335 ed.
523 2273 616 2336 Gal.:
652 2271 733 2335 inter
754 2294 835 2358 quos
856 2293 969 2335 nomen
991 2293 1083 2334 suum
1106 2271 1272 2356 profitetur

172 2371 333 2436 Hesiodus
363 2372 487 2457 Theog.
512 2388 588 2456 407.
616 2373 671 2459 qui
700 2372 777 2437 ibid.
810 2395 840 2436 v.
864 2373 935 2458 136.
966 2371 1042 2437 dicit
1073 2371 1210 2436 Themin
1240 2384 1273 2436 et

172 2473 314 2539 Phoeben
331 2496 451 2538 sorores
465 2496 542 2552 esse,
557 2473 639 2537 Coeli
655 2488 808 2559 terraeque
822 2471 913 2537 filias.
937 2474 1127 2536 WAKEF.

216 2575 330 2661 δίδωσι]
346 2579 467 2640 δίδωσιν
483 2576 534 2639 Μ.
550 2574 628 2638 Ald.
646 2575 756 2661 steph.

214 2678 372 2759 γενέθλιον
395 2678 492 2763 δόσιν]
516 2680 641 2742 Munus
655 2677 707 2741 die
729 2674 824 2740 natali
843 2675 982 2753 missum,
998 2697 1060 2740 uon
1083 2699 1121 2741 so
1137 2676 1189 2740 die
1208 2700 1284 2762 quo‘

172 2793 265 2843 natus
287 2794 345 2859 est,
367 2779 421 2844 sed
445 2803 510 2866 quo
539 2800 651 2842 nomeu
680 2777 871 2864 impositum.
917 2778 969 2842 Ita
997 2777 1079 2842 clare
1108 2778 1275 2865 distinguit

174 2882 344 2947 Terentius
365 2881 434 2945 loco
456 2880 558 2945 statim
581 2879 779 2967 proferendo,
795 2878 834 2942 ad
858 2901 952 2964 quem
974 2878 1042 2944 haec
1061 2895 1190 2945 annotat
1205 2882 1275 2945 Du-

173 2995 285 3047 natus:
314 2982 460 3046 Solebam
482 2983 565 3044 enim
587 2983 714 3067 antiqui
734 2989 879 3045 octaviam
907 2980 988 3044 diem
1015 2985 1111 3069 pueri
1135 2983 1276 3047 natalem

173 3085 371 3161 martirum,
388 3093 418 3147 et
431 3103 465 3147 eo
479 3082 529 3145 die
543 3083 686 3168 siugulis
705 3083 802 3146 annis
822 3082 929 3146 laetam
944 3085 1124 3148 convivium
1143 3105 1275 3169 parare,

174 3189 257 3250 οἱοαθ
270 3185 380 3249 Judaer'
395 3189 431 3249 ιἰι
445 3193 556 3247 octava
570 3183 622 3246 die
635 3182 875 3261 circumcidunt,
890 3193 923 3246 et
936 3182 970 3246 id
988 3205 1049 3247 non
1069 3183 1178 3249 leviter
1200 3208 1275 3272 pro·

174 3287 250 3351 bant
267 3284 411 3372 AEschyli
431 3285 537 3361 verba,
554 3306 627 3370 quae
649 3282 790 3370 proxime
812 3297 998 3369 sequuntur.
1044 3286 1095 3349 Ita
1117 3299 1149 3349 et
1170 3288 1276 3374 Hesy-

175 3386 276 3466 chius,
290 3386 496 3470 Ἀμφίορομον
511 3385 582 3451 θεὸν
597 3383 742 3472 AEsohyli
761 3383 897 3470 explicat
917 3406 973 3470 per
991 3384 1278 3468 γενέθλιον-Ἀμ-

176 3490 328 3570 φέθρομος·
351 3489 504 3571 Αἰσχύλος
519 3487 637 3573 Σεμέλῃ
652 3485 768 3550 έπλοσε
783 3485 909 3564 δαίμονα
923 3484 1026 3549 καινὸν
1036 3488 1104 3568 περὶ
1117 3490 1156 3552 rb
1168 3486 1278 3572 Ἀμφι-

177 3591 292 3672 δρόμιο,
315 3592 355 3658 ὣς
377 3593 404 3654 εἰ
425 3590 532 3672 ἔλεγες
551 3589 607 3668 τὴν
627 3588 797 3672 γενέθλιον,
819 3609 892 3651 cum
914 3602 1018 3652 tamen
1034 3589 1279 3676 Amphidromia

177 3691 289 3777 quinto
303 3706 375 3778 post
391 3706 517 3778 partum
538 3691 590 3755 die
603 3691 767 3755 observata
781 3689 908 3754 suerint.
953 3691 1078 3755 Morem
1101 3691 1186 3756 huuc
1208 3714 1278 3756 mu·

177 3813 251 3856 uera
265 3791 317 3856 die
332 3790 459 3857 lustrioo
473 3793 617 3858 mittendi
633 3815 694 3857 non
711 3791 801 3857 facile
815 3791 1011 3857 observabis:
1037 3807 1188 3858 memorat
1202 3815 1279 3860 vem

179 3894 309 3959 Terent.
326 3894 455 3960 Phorm.
471 3914 499 3969 1,
515 3915 529 3958 1
533 3941 546 3975 ‚
561 3913 610 3962 12.

520 4019 669 4084 -porro
682 4006 786 4061 autem
804 3996 886 4060 Geta

350 4100 501 4164 Ferietur
515 4100 579 4163 alio
592 4120 730 4177 ιιιιιιιινι,
745 4100 802 4162 obi
816 4098 894 4163 bero
906 4099 1074 4185 pepererit.

351 4201 456 4264 Porro
469 4202 536 4265 alio
550 4209 665 4281 ααθιιιι,
679 4201 735 4265 obi
749 4201 811 4264 crit
819 4220 923 4286 puero
936 4199 1057 4265 natalia
1070 4200 1138 4265 dier

356 4303 418 4366 Ubi
431 4303 629 4374 ιἰιίθὶαθιιιιθς

179 4403 221 4468 ad
235 4426 308 4490 quae
323 4403 488 4467 Donatus:
517 4403 665 4468 Solebam
678 4403 762 4466 enim
777 4403 813 4464 ιἰι
827 4401 882 4466 illo
895 4411 1006 4466 octavo
1019 4401 1070 4465 dic
1083 4401 1161 4466 dore
1174 4423 1280 4488 puero

180 4506 276 4568 amici
295 4503 345 4568 vel
364 4504 468 4568 bovem
489 4504 540 4568 uel
556 4524 653 4582 oneri,
669 4503 718 4566 vel
730 4502 822 4567 aliud
833 4523 959 4567 monor.
1005 4499 1209 4583 Scholiasteu,
1223 4503 1280 4590 qui
