2984 5054
507 389 574 453 AI)
598 388 998 452 AGAMEMNONEM.
1236 383 1301 456 369

243 556 320 636 488.
334 556 599 637 γνναικοκάρνκπον
616 555 725 642 steph.
741 555 921 640 conjectura
934 554 1047 617 inutili.
1093 553 1299 618 Scribendum

199 657 450 739 γνναικογήρντον
464 681 503 720 ex
520 659 569 720 Fl.
587 659 630 720 Τ.
670 658 708 720 ln
727 658 769 720 T.
787 656 829 741 gl.
849 656 913 735 ἤτοι
936 657 969 718 πὸ
989 660 1155 737 λεγόμενον
1169 656 1227 719 ὑπὸ
1242 663 1301 719 τῶν

196 764 357 838 γνναικῶν.

240 861 314 945 489.
332 862 508 946 εἰσόμεσθα]
524 864 666 942 εἰσόμεθα
683 859 732 923 Fl.
756 859 925 945 Sophocles
940 858 1050 943 Antig.
1062 861 1135 942 631.
1152 858 1192 922 ab
1209 860 1299 923 Stan-

198 959 258 1024 leio
271 976 469 1048 comparatus
484 961 549 1046 κάχ’
565 965 728 1043 εἰσόμεσθα
742 960 877 1041 μάντεων
891 960 1061 1042 ὑπέρτερον.

240 1084 317 1148 494.
335 1065 449 1150 ἐλαίας]
471 1064 677 1130 Scribendum
694 1063 795 1131 ἐλάας.

243 1164 327 1233 κάσις
346 1167 459 1251 πηλοῦ]
484 1166 605 1231 Eadem
630 1165 812 1251 metaphora
828 1166 916 1252 Sept.
933 1183 1007 1247 494.
1023 1165 1130 1246 λιγνὺν
1144 1164 1300 1243 μέλαιναν,

200 1271 308 1349 αἰόλην
320 1269 414 1351 πνμὸς
429 1268 525 1334 κάσιν.

241 1374 317 1457 496.
334 1373 413 1439 κόνιν
426 1371 597 1458 opponitur
612 1374 725 1456 καπνῷ,
740 1386 771 1434 et
787 1369 939 1433 sententia
955 1368 1051 1431 totius
1073 1368 1132 1432 loci
1155 1366 1224 1431 haec
1243 1382 1302 1444 est,

198 1494 240 1536 en
258 1473 401 1560 pulvere,
416 1494 504 1561 quem
520 1476 647 1552 σαοίἰαί,
661 1474 806 1561 intelligo
827 1494 896 1535 earn
919 1494 983 1534 non
1004 1493 1069 1535 ono
1083 1472 1146 1535 ἰοοο
1163 1480 1249 1535 atara
1266 1479 1304 1532 nt

197 1578 304 1663 igvtem
319 1576 479 1652 accendat,
494 1577 549 1641 scd
570 1597 737 1640 occurrere
759 1584 796 1638 nt
818 1575 921 1638 verbio
943 1596 1000 1637 noa
1024 1575 1170 1637 certiores
1178 1572 1301 1656 sociat.

199 1677 488 1741 WELLAUER.
535 1678 645 1742 Pulvis
666 1679 793 1743 ἄναυδος
808 1676 907 1757 σαφὴς
922 1677 1027 1755 ἔτυμος
1041 1678 1173 1757 ἄγγελος
1187 1674 1302 1738 exerci-

199 1792 251 1840 tus
265 1778 550 1865 appropinquantis
565 1797 694 1844 vocatur
711 1782 797 1866 Sept.
814 1782 864 1864 83.

239 1881 310 1945 οὔτε
323 1907 377 1944 σοι
390 1884 481 1945 halon
496 1883 614 1966 φλόγα]
635 1884 673 1945 In
689 1881 738 1944 his
752 1881 855 1946 verbis
869 1881 980 1944 vitium
997 1880 1155 1966 quoddam
1173 1880 1255 1945 latet.

232 2002 315 2065 v497.
331 1984 410 2048 Post
424 1986 515 2065 πικρός
530 2006 652 2049 comma
666 2000 811 2071 ponatur.

239 2100 315 2168 503.
344 2086 505 2149 Praeoonis
535 2109 648 2150 nomen
675 2087 762 2151 deest
791 2088 822 2150 in
854 2086 964 2173 Steph.
992 2085 1157 2172 Talthybii
1190 2108 1301 2149 nomen

196 2184 372 2272 adsignavit
388 2188 580 2273 Argumenti
603 2206 725 2268 auctor,
741 2189 827 2275 quod
854 2205 937 2253 recte
959 2211 1086 2252 secusne
1109 2189 1224 2252 factum
1248 2188 1300 2266 sit,

196 2285 322 2351 dubitat
337 2289 506 2369 Stanleius,
519 2291 593 2376 quia
612 2292 698 2379 apud
723 2294 872 2356 Senecam
896 2292 928 2354 in
948 2294 1199 2377 Agamemnone,
1218 2312 1299 2353 nun-

196 2389 262 2454 cius
277 2391 332 2476 qui
347 2393 456 2479 Trojae
472 2393 627 2457 excidium
641 2395 890 2482 Clytaemnestra
904 2392 1031 2469 indicat,
1048 2393 1228 2478 Eurybates
1243 2406 1298 2456 est.

196 2500 220 2529 “
233 2492 389 2578 Uterque,
405 2510 435 2558 et
452 2494 645 2581 Talthybius
666 2511 698 2560 et
713 2496 905 2583 Eurybates,
928 2515 1088 2581 praecones
1105 2507 1193 2556 erant
1209 2495 1297 2579 Aga-

197 2594 383 2673 memnonis,
405 2619 541 2682 quorum
567 2598 653 2683 apud
679 2600 855 2662 Homerum
882 2596 982 2660 multa
1005 2594 1151 2659 mentio.”
1194 2596 1297 2683 Atqui

196 2695 389 2782 Eurybates,
406 2700 653 2785 Agamemnonis
675 2717 790 2787 praeeo,
804 2700 899 2764 semel
921 2714 1043 2763 tantum
1066 2697 1151 2785 apud
1175 2700 1297 2764 Home-

195 2817 265 2859 rum
282 2812 490 2872 memoratum
507 2813 539 2863 et
554 2799 690 2863 dubitari
714 2818 816 2889 potest
838 2825 940 2866 annon
956 2817 987 2866 et
1002 2801 1059 2866 iste
1073 2802 1154 2865 idem
1171 2802 1296 2867 situum

195 2900 362 2986 Eurybate
378 2902 545 2981 Ithacensi,
560 2902 616 2988 qui
637 2902 823 2991 plerumque
838 2905 967 2992 Ulyxen
991 2904 1190 2991 sequebatur.
1225 2905 1296 2970 Vid.

193 3001 292 3066 schol.
310 3001 425 3068 Victor.
441 3004 482 3068 ad
499 3003 590 3070 Iliad.
608 3012 634 3082 I,
649 3023 721 3089 170.
744 3008 860 3071 Noster
874 3006 956 3070 infra
971 3005 1184 3093 compellatur,
1199 3006 1300 3089 Κήρυξ

192 3103 431 3190 'hyaroe-ndo
446 3107 504 3171 ἀπὸ
520 3112 657 3189 στρατοῦ.
686 3109 800 3196 Eurip.
817 3108 937 3173 Troad.
955 3113 1025 3194 238.
1042 3108 1130 3191 κήμνξ
1145 3112 1177 3187 ἐξ
1190 3108 1294 3194 Ἀχοῖ·

195 3212 248 3272 κοῦ
262 3211 618 3290 στρατοῦ-Ταλθύβιος.
656 3212 804 3275 Ceterum
821 3212 955 3299 tragicos
971 3212 1121 3275 unitatem
1138 3213 1296 3297 temporis,

195 3328 232 3375 ut
253 3311 352 3389 aiunt,
369 3312 645 3376 verisimilitudinis
665 3313 828 3400 dispendio
850 3338 986 3379 servasse
1008 3328 1095 3377 notat
1110 3312 1175 3377 Dio
1191 3313 1294 3400 Chry-

195 3429 267 3479 sost.
283 3416 338 3479 Or.
354 3434 407 3500 52.
425 3437 455 3501 p.
472 3429 546 3500 550.
571 3421 626 3479 νῦν
640 3418 673 3480 δὲ
689 3415 834 3484 πολλάκις
849 3419 882 3481 ἐν
896 3421 948 3499 μιᾷ
963 3415 1056 3499 ἡμέρᾳ
1078 3416 1294 3496 παραγιγνομέ-

194 3542 264 3584 νους
278 3524 396 3582 ποιοῦσι
410 3519 478 3586 τοὺς
493 3519 618 3599 κήρυκας
631 3522 779 3584 πλειόνων
793 3522 908 3601 ἡμερῶν
922 3519 1001 3581 ὁδόν.
1025 3517 1202 3581 BLOMF.

236 3634 311 3705 504.
327 3621 453 3707 δεκάτῳ]
470 3620 591 3686 δεκάτου
607 3622 775 3701 Stanleius,
789 3620 876 3709 quod
897 3619 1001 3683 minus
1017 3617 1221 3704 AEachyleum
1237 3633 1293 3683 est.

194 3723 316 3786 Locum
339 3722 481 3788 imitatur
502 3738 611 3788 auctor
632 3723 750 3788 fabulis
767 3719 1013 3809 Agamemnonis
1027 3743 1100 3808 quae
1122 3721 1219 3807 vulgo
1237 3722 1292 3785 Se-

192 3845 277 3888 necae
291 3824 416 3889 dicitur.
440 3826 616 3890 BLOMF.

234 3946 310 4010 511.
340 3926 446 4015 ἦλθες]
486 3928 692 3993 Scribendum
723 3927 803 4008 ἦσθ’,
827 3942 863 3991 ut
893 3941 1064 3990 correctum
1092 3925 1123 3988 in
1154 3927 1293 4014 margine

194 4026 336 4093 Askevii.

232 4149 309 4215 512.
338 4133 540 4221 xdaaydvtos]
569 4135 597 4198 Ι.
620 4158 647 4199 0.
673 4135 721 4197 καὶ
748 4133 925 4213 άπαγάνιοκ,
953 4131 1120 4196 certamine
1148 4130 1291 4196 liberans.

192 4232 256 4295 Per
269 4231 424 4318 άπάμαχος
438 4236 575 4323 explicat
590 4235 762 4301 scholiasta.
796 4235 843 4298 καί
858 4234 1008 4315 πογάνιος
1027 4235 1078 4298 Fl.
1112 4235 1293 4315 κᾶναγάνιοκ

191 4333 322 4420 conjecit
349 4336 519 4423 Spanhem.
545 4337 586 4401 ad
610 4337 774 4424 Aristoph.
804 4334 855 4400 Pl.
878 4338 971 4400 1162.
996 4337 1172 4400 BLOMF.
1212 4336 1292 4400 Scri-

191 4433 328 4500 bendum
352 4439 536 4521 κᾶναγάνιας
550 4461 621 4502 cum
645 4437 845 4526 Spanhemio,
861 4437 918 4500 nisi
934 4436 1005 4522 quis
1019 4435 1176 4522 vulgatam
1193 4436 1288 4522 scrip·

191 4552 293 4602 turam
316 4562 375 4626 pro
397 4541 445 4605 καί
466 4543 629 4623 ἑπαγάνιοκ
646 4539 786 4627 accipere
809 4539 893 4620 velit,
908 4537 1061 4626 adjectivo
1078 4535 1204 4600 aliunde
1228 4559 1288 4600 non

712 4678 771 4743 3⁴⁴
