2984 5054
271 355 335 417 442
629 347 1010 414 ANNOTATIONES

267 522 381 598 locum,
411 536 443 584 et
473 520 583 606 Virgil.
610 518 678 583 Ecl.
708 521 738 594 8,
763 537 832 584 rot.
889 514 1038 603 Virgilius
1066 525 1172 577 autern
1204 508 1368 575 Theocriti

267 623 380 701 locum,
395 646 490 709 quem
513 622 687 709 exprimere
702 620 811 697 voluit,
827 642 889 683 non
912 618 998 697 satis,
1014 628 1051 681 ut
1067 613 1189 702 opinor,
1203 611 1368 676 intellexit.

267 724 368 788 Aliud
383 742 430 788 est
446 724 608 788 Theocriti
623 724 671 805 ἂψ
686 725 718 786 δὲ
734 722 855 787 νέεσθαι
875 722 1047 802 άστρειιτας,
1061 714 1148 782 aliud
1169 728 1275 780 autem
1292 714 1366 778 Vir·

265 827 343 913 gilii,
360 847 398 889 ιιε
412 828 598 912 respexeris.
624 825 797 889 BLOMF.

313 947 383 993 100.
399 931 470 992 ἐστὶ
488 927 652 992 Stnuleius.
676 928 746 990 ἔστε
760 925 865 1011 vulgo.

308 1031 469 1114 μεταίτιαι]
493 1031 636 1109 μεταίτιοι
656 1025 871 1091 Blomfieldus.
904 1029 940 1112 τῇ
963 1026 1098 1108 peronio
1122 1019 1219 1106 Soph.
1247 1019 1366 1081 Troch.

266 1151 339 1213 447.
357 1131 410 1196 ubi
427 1132 458 1194 in
473 1131 543 1194 cod.
560 1132 661 1194 Laur.
678 1131 723 1192 A.
739 1126 983 1214 superscriptum
997 1126 1146 1209 μεταιτίῳ.

313 1249 385 1316 107.
411 1234 463 1296 τὸν
489 1231 606 1296 omittit
630 1230 714 1295 Rob.
761 1227 1032 1293 Constructionem
1059 1224 1185 1312 expedit
1215 1223 1370 1307 interpres

267 1336 401 1400 Groecus
410 1360 419 1411 3
441 1333 518 1413 λέξο
535 1359 585 1397 σοι
598 1333 651 1397 τὸν
666 1334 700 1395 ἑκ
720 1331 831 1413 φρενὸς
852 1331 957 1411 λόγον,
974 1328 1132 1409 αἰδουμένη
1147 1327 1202 1390 τὸν
1214 1324 1368 1407 Ἀγαμέμ-

266 1462 354 1504 νονος
368 1438 491 1516 τύμβον,
508 1437 546 1502 ὥς
559 1437 673 1515 βωμόν.
698 1433 872 1497 BLOMF.

312 1559 383 1602 111.
399 1538 503 1622 αὐτὴν]
523 1537 614 1616 αὐτὴν
629 1535 708 1600 Ald.

312 1658 382 1704 112.
406 1638 483 1724 τᾶρ’]
508 1637 532 1702 τ’
556 1637 601 1720 ἄρ’
621 1637 669 1701 vel
688 1636 712 1700 τ’
733 1636 777 1719 ἆρ’
800 1635 891 1700 codd.
908 1648 938 1698 et
953 1634 1031 1698 Ald.
1047 1633 1134 1699 Rob.
1157 1631 1185 1714 γ’
1200 1632 1246 1713 ἄρ’
1264 1632 1368 1694 Τυτη.

268 1740 379 1827 steph.

313 1863 383 1928 ¹13·
398 1843 528 1928 φράσαι]
547 1845 610 1907 Per
624 1845 779 1922 σκάτησον
793 1840 929 1927 explicat
944 1837 1117 1904 scholiasta.

313 1964 382 2020 114.
407 1944 522 2017 στάσις,
543 1944 665 2007 Fectio.
693 1946 807 2008 (ἴστον.
832 1950 854 1980 “
870 1941 976 2007 στάσις
999 1962 1056 2026 pro
1082 1942 1227 2004 σύστασις
1252 1936 1367 1999 iterum

265 2045 402 2109 occurrit
426 2068 454 2108 v.
476 2061 550 2128 451.
576 2046 710 2108 Eumen.
733 2045 829 2128 311.”
852 2046 1027 2106 Aunnscu.
1059 2041 1166 2108 στάσις
1190 2054 1296 2103 autem
1321 2053 1368 2102 est

268 2170 328 2210 vox
351 2145 446 2209 choro
467 2147 601 2232 propria.
627 2145 766 2232 Hesycb.
782 2146 909 2212 Στάσιςε
935 2144 1026 2211 θέσις.
1048 2146 1149 2227 χορός.
1171 2157 1203 2206 et
1219 2141 1368 2204 ‘Troxob-

266 2273 353 2312 mou:
376 2252 429 2313 τοῦ
442 2241 535 2330 χοροῦ
554 2253 604 2326 τῆς
622 2248 759 2314 στάσεως
780 2253 874 2330 χῶραι
897 2250 928 2310 oi
949 2249 1057 2326 άτιμοι.
1102 2244 1303 2324 Quinetiam
1326 2242 1368 2306 de

266 2349 377 2435 quavis
399 2349 542 2414 societate
564 2350 686 2415 dicitur.
733 2350 885 2429 Photius;
913 2350 1040 2416 Στάσιςε
1065 2350 1123 2432 οὐχ
1143 2350 1162 2429 ἡ
1184 2342 1367 2431 φιλανεικάα·

267 2453 335 2515 ἄλλ’
351 2453 434 2516 αὐτοὶ
448 2455 477 2516 oi
492 2453 713 2530 στασιάζοντες.
739 2453 915 2516 BLOMF.

314 2569 384 2636 117.
401 2553 552 2616 Deleetur
568 2566 721 2640 punctum
738 2568 808 2639 post
827 2552 996 2633 μεμνημένη
1018 2553 1168 2640 positum.
1213 2553 1296 2616 Nam
1320 2552 1368 2615 in-

267 2654 473 2735 terrumpitur
486 2654 572 2718 chori
587 2655 697 2718 oratio.

315 2775 384 2818 120.
409 2757 550 2833 δικαστὴν
570 2754 589 2833 ἢ
610 2756 784 2839 δικηφόρον]
804 2754 907 2820 Schol.
924 2757 1033 2836 κριτὴν,
1049 2754 1068 2836 ἢ
1082 2759 1218 2838 τιμωρόν.
1241 2759 1370 2834 ὅέστιν,

267 2858 470 2935 ἀκουσόμενον
484 2855 732 2937 τοῦπράγματος,
747 2854 766 2934 ἢ
780 2858 838 2937 πρὸ
857 2860 946 2935 ιἰκοῆς
967 2857 1023 2936 τὴν
1043 2858 1185 2939 τιμωρίαν
1207 2859 1368 2937 ἐτάξαντο,

268 2955 307 3019 ὥς
322 2956 533 3034 ἅναμφιβόλου
547 2957 634 3020 ὄντας
647 2961 699 3016 τοῦ
714 2962 814 3019 κακοῦ.
860 2959 933 3020 Hoc
948 2980 1039 3021 sensu
1056 2959 1191 3021 occurrit
1210 2961 1371 3040 δικηφόρος

267 3053 299 3116 in
316 3057 433 3140 Agnrn.
449 3057 632 3138 508.1566.
659 3056 833 3119 BLOMF.

314 3173 386 3236 124.
419 3156 557 3220 Lacunae
582 3172 686 3220 notam
713 3180 774 3220 non
800 3158 951 3222 exhibent
975 3158 1052 3227 Alei
1074 3162 1180 3223 Turn.
1205 3175 1276 3245 post
1303 3164 1373 3241 ἐμοί

267 3257 357 3343 ponit
380 3257 601 3335 Robortellus;
632 3260 788 3323 Canterus
810 3282 884 3323 vero
904 3276 975 3347 post
996 3263 1111 3344 χθόνιε.
1158 3261 1371 3326 Probabiliter

267 3380 342 3421 vem
370 3358 434 3422 huc
461 3360 566 3424 reduci
591 3360 684 3446 jubet
711 3362 916 3425 Hermannus
944 3384 1069 3425 versum
1099 3362 1156 3449 qui
1183 3385 1270 3428 nuno
1298 3379 1371 3451 post

270 3461 536 3547 v.164.legitur;
560 3477 656 3549 etque
670 3463 838 3527 orationem
854 3463 1008 3549 integram
1028 3464 1072 3528 itu
1091 3465 1275 3551 processisse
1296 3489 1371 3530 con·

263 3559 352 3647 jicit:
391 3563 488 3644 Κήρυξ
511 3564 635 3645 μέγιστε
664 3572 723 3629 τῶν
748 3567 809 3628 άνω
834 3591 867 3629 τε
894 3566 942 3629 καὶ
971 3565 1058 3639 κάτω,
1085 3564 1249 3641 Ἄκουσον,
1274 3566 1372 3651 Ἑρμῆ

268 3665 382 3744 χθόνιε,
398 3690 424 3726 κ.
436 3689 461 3727 τ.
474 3674 504 3729 λ.
551 3673 570 3703 “
585 3669 731 3752 Apparet
745 3666 877 3730 verbum
898 3669 1032 3748 κηρύξας,
1048 3667 1135 3752 quod
1151 3667 1243 3732 aliter
1255 3669 1371 3735 obscu-

268 3783 340 3824 rum
362 3763 453 3840 foret,
472 3787 556 3828 nunc
577 3765 691 3829 habere
713 3791 777 3852 quo
799 3769 962 3845 referetur,
978 3791 1151 3856 praegtesso
1173 3771 1299 3836 nomine
1320 3773 1371 3853 κή-

269 3863 350 3940 ρυξ.”
394 3863 477 3927 Diss.
502 3863 542 3926 de
566 3867 653 3929 Vers.
678 3888 730 3953 ep.
754 3868 897 3956 AEschyl.
923 3870 1045 3957 Spuriis
1066 3893 1140 3957 pag.
1164 3871 1206 3938 vi.
1233 3874 1371 3962 (Opuso.

269 3959 331 4022 vol.
348 3979 378 4026 ι.
395 3985 427 4047 p.
442 3965 509 4046 80.)
535 3964 709 4030 BLOMF.
731 3970 859 4033 άιιουσον
873 3970 1086 4057 supplendum
1100 3996 1167 4038 esse
1183 3974 1374 4042 Schuetzius

269 4075 452 4146 conjecerat.

318 4163 388 4225 126.
404 4162 544 4241 δωμάτων
560 4165 723 4232 Stunleius.
746 4171 772 4233 δ’
786 4173 926 4250 ὀμμάτων
938 4173 1027 4237 libri:
1051 4198 1117 4261 quo
1126 4176 1206 4242 vitio
1219 4178 1374 4268 deeeptus

272 4258 444 4326 Turnebus
457 4260 481 4326 δ’
496 4261 623 4330 delevit.

319 4378 389 4447 129.
403 4360 560 4450 χάρνιβατ]
579 4362 711 4452 Proprie
723 4383 770 4434 est
784 4372 819 4435 τὸ
833 4374 1030 4457 ἐπιχεόμενον
1044 4380 1152 4461 χερσὶν
1165 4383 1253 4464 θδιιρ.
1281 4383 1374 4462 lude,

373 4458 502 4539 'mabri
515 4482 600 4553 squ!
610 4462 758 4544 lustralis,
773 4472 865 4558 cujus
879 4496 934 4540 vus
947 4477 1075 4564 plenum
1093 4502 1153 4566 pro
1167 4481 1292 4548 foribus
1310 4498 1374 4550 sti·
