2984 5054
362 363 600 427 ADDENDA
623 364 687 426 ΕΤ
711 364 1041 428 CORRIGENDA.
1191 363 1254 429 645

552 618 851 683 EUMENIDES.

198 739 236 800 P.
251 754 326 823 517,
345 757 394 803 20.
410 739 546 824 ἔκφῦξοι]
563 740 698 821 ἔκψῦξαι.

199 841 238 903 Ρ.
253 857 327 924 534
343 863 373 904 v.
389 857 461 925 125,
480 860 509 903 1.
525 840 618 924 πλὴν]
632 845 753 922 πρᾶγμα
766 839 848 918 πλὴν

198 942 239 1005 Ρ·
255 957 330 1026 545·
347 965 377 1008 v.
393 961 469 1027 3340
487 959 515 1006 2·
531 942 755 1028 τιμωρουμένο]
770 941 982 1024 τιμωρουμένο·
999 943 1099 1007 SCH·

198 1045 237 1106 P.
254 1047 329 1129 563.
346 1066 376 1109 v.
392 1059 466 1130 735,
482 1046 513 1107 6.
529 1044 642 1127 αὐτοῖς]
660 1045 749 1124 αὐτῆς

199 1147 250 1232 [Ρ.
265 1148 340 1233 564.
364 1170 394 1211 v.
411 1162 487 1232 753,
505 1148 535 1211 6.
566 1148 606 1210 In
626 1147 784 1235 plerisque
799 1146 1030 1234 exemplaribus
1053 1171 1111 1237 pro
1133 1149 1255 1232 ψήφους

155 1248 234 1313 male
249 1249 364 1336 legitur
378 1250 512 1334 ψῆφονς]

197 1354 237 1416 Ρ.
253 1355 327 1438 566.
344 1377 373 1417 ν.
391 1354 465 1437 785,
479 1373 511 1439 5.
527 1354 762 1442 propagatum]
778 1368 999 1442 propagatum.
1020 1357 1121 1420 SCH.

198 1458 237 1520 P.
250 1459 325 1542 567.
341 1479 370 1520 v.
388 1458 461 1540 827,
479 1458 510 1522 6.
525 1457 608 1542 Jee]
626 1459 707 1522 Lav.

198 1559 235 1622 P·
245 1573 319 1644 575·
333 1582 364 1623 v·
377 1558 740 1645 1037‚5·m=06m0p.,]
755 1559 957 1642 πυρωέπωρι,
970 1559 994 1623 si
1007 1558 1069 1623 mc
1083 1574 1166 1624 recte
1180 1561 1255 1648 legi-

155 1674 207 1726 tur
222 1662 382 1744 εὐθόφροοι
395 1665 510 1744 πομπᾷ,
525 1660 612 1749 quod
628 1663 751 1746 εὔφρονι
765 1666 869 1745 πομπᾷ
885 1660 1083 1727 scribendum
1098 1685 1166 1727 esee
1180 1686 1253 1727 eon-

149 1763 226 1850 jecit
241 1765 280 1828 L.
292 1763 478 1829 Dindorfius
492 1763 525 1828 in
541 1765 708 1831 Thesauro
722 1765 785 1831 vol.
801 1787 834 1853 3.
848 1789 880 1854 p.
898 1783 980 1851 2503
997 1766 1040 1830 D.

195 1904 326 1916 --
340 1889 369 1930 v.
388 1887 480 1948 1042.
495 1869 683 1950 τερπόμεναι.
706 1870 770 1934 καθ’
785 1866 857 1933 ὁδὸν
871 1867 909 1955 δ’]
926 1868 1131 1934 scribendum
1150 1873 1255 1951 τερπό-

152 1993 240 2048 μενοι
263 1966 325 2032 καθ’
346 1969 427 2046 ὁδόν,
451 1968 554 2034 deleto
577 1969 611 2034 δέ
635 1986 816 2057 punctoque
838 1984 910 2058 post
933 1972 1004 2035 ὁδόν
1025 1970 1143 2058 posito:
1167 1969 1254 2057 quod

154 2068 232 2134 vidit
248 2070 481 2136 Boissonadius.

569 2258 839 2322 SUPPLICES.

196 2372 426 2460 [omittendum
441 2375 555 2462 passim
571 2374 674 2439 Phil.:
699 2397 730 2442 v.
745 2398 778 2439 n.
793 2374 834 2438 ad
850 2398 883 2461 p.
897 2375 941 2460 3.]

196 2478 234 2541 P.
249 2494 323 2560 592.
341 2500 369 2540 v.
387 2495 460 2562 254.
471 2475 600 2562 Ἀλγος]
615 2478 711 2544 ἄλσος
725 2476 912 2541 Ahrensius.

195 2581 233 2645 P.
248 2596 324 2666 597.
340 2604 369 2643 v.
387 2583 461 2665 296,
474 2601 503 2645 1.
518 2581 708 2667 conjectum]
723 2581 914 2668 conjectum,
928 2579 960 2642 in
975 2600 1039 2665 qua
1054 2577 1079 2642 si
1094 2579 1172 2664 quid
1188 2580 1252 2643 veri

151 2697 242 2762 esset,
258 2683 515 2765 πολλοκευμάτων
531 2684 634 2770 potius
649 2683 846 2749 seribendum
861 2682 954 2747 foret.

194 2788 234 2852 P.
259 2787 336 2871 598,
361 2804 389 2850 2.
418 2786 623 2852 scribendum
648 2785 916 2871 παλλακεομάτωο]
943 2787 1024 2850 Haec
1047 2784 1142 2850 verba
1166 2782 1250 2847 dele-

151 2906 257 2956 antur.

194 2994 232 3057 P.
247 2993 323 3057 608.
339 3016 370 3056 v.
383 3008 460 3077 435,
475 3013 507 3077 3.
522 3016 561 3056 ex
578 2992 638 3057 Ph.
654 2995 719 3075 ἇρει
733 2967 860 3078 ἆτῖἷοειν]
878 2992 1042 3057 Deleatur.

195 3095 233 3158 P.
251 3095 323 3175 617.
340 3114 370 3156 v.
384 3096 457 3178 634.
480 3097 537 3157 τὸν
558 3097 728 3176 Πελασγὸν
742 3096 833 3159 πόλιν
848 3094 1017 3180 Bemberg.
1037 3093 1068 3157 in
1084 3110 1250 3161 comment.

151 3195 192 3260 de
212 3193 339 3259 carmin.
359 3193 538 3281 AEschyleis
560 3217 593 3280 p.
613 3215 661 3274 14.
677 3209 709 3258 et
730 3195 761 3258 in
781 3193 901 3258 antistr.
917 3217 946 3258 v.
963 3196 1036 3274 646.
1062 3201 1139 3260 Δῖον
1154 3198 1251 3261 ἐπιδό-

150 3323 235 3379 μενοι
249 3295 387 3379 πράκτορ’
403 3298 474 3376 ἄτης
488 3298 575 3361 κότον
592 3298 629 3372 (J
630 3295 697 3361 ovis
710 3297 798 3375 iram,
813 3294 917 3383 culpae
931 3296 1142 3373 exactrieem).

194 3403 231 3465 P.
247 3403 319 3466 622.
339 3423 369 3464 v.
387 3414 461 3484 727,
475 3420 507 3482 4.
524 3398 690 3465 videbatur
704 3398 758 3484 ad]
774 3397 941 3464 videbatur
957 3397 1096 3464 Seidlero
1109 3398 1150 3463 ad
