2984 5054
244 315 310 381 116
384 317 762 384 ANNOTATIONES
785 320 854 383 AD
877 319 1211 385 CHOEPHORAS.

293 501 385 572 1073.
400 487 527 552 Anxius
540 485 581 551 de
594 487 706 551 futuro
719 486 834 552 uhorun
848 485 984 564 dubitat,
999 509 1040 550 au
1054 487 1199 551 Orestem
1219 488 1349 574 sospita·

247 601 345 651 torem
367 588 484 674 potius,
499 588 541 652 ob
555 611 687 676 regnum
703 588 953 675 Clytoemnestroe
971 604 1003 652 et
1018 587 1160 675 AEginhi
1181 588 1348 676 tyrannide

244 687 424 768 liberatum,
447 712 488 754 nn
512 691 607 772 μόρον
631 690 664 753 h.
685 714 712 754 e.
739 712 829 754 novoe
852 689 949 754 cladis
971 705 1130 755 auctorem
1154 691 1250 770 dicat,
1273 713 1347 778 quae

244 789 326 854 sorte
347 790 387 854 sit
415 790 575 877 piaculum
603 814 643 856 ex
669 790 777 856 matris
800 790 886 856 caede
911 806 1100 879 oouoeptum
1128 810 1345 858 oonsecutura.

288 993 384 1074 τρίτος
398 993 510 1077 σωτήρ]
528 994 652 1080 Nempe
667 994 802 1059 Orestes.
838 997 953 1060 Jovem
967 995 1112 1082 intelligit
1135 995 1345 1083 spanhemius

245 1094 287 1159 ad
301 1093 465 1180 Aristoph.
482 1093 570 1159 Plut.
587 1096 680 1177 1176.
696 1096 776 1160 utin
792 1096 888 1162 Eum.
904 1113 921 1180 7
923 1099 976 1182 56.
992 1097 1157 1165 Παλλάδος
1172 1099 1221 1162 καὶ
1234 1099 1344 1176 Λοξίου

239 1195 359 1275 Ἕκατι,
371 1197 420 1262 καὶ
433 1200 486 1261 τοῦ
498 1196 597 1261 πάντα
611 1197 783 1278 κραίνοντος
795 1199 894 1279 τρίτον
908 1201 1054 1280 Σωτῆρος.
1087 1198 1199 1285 Suppl.
1216 1215 1266 1283 27.
1283 1199 1343 1264 Καὶ

246 1299 321 1366 Ζεὺς
334 1297 433 1378 σωτὴρ
447 1299 550 1379 τρίτος.
581 1299 619 1362 V.
634 1298 676 1363 ad
690 1301 807 1386 Agnm.
823 1317 895 1385 237.
928 1301 975 1365 Et
987 1299 1067 1366 inest
1085 1300 1217 1365 fortusse
1231 1299 1342 1365 allusio

244 1399 390 1486 quoedam
404 1397 445 1463 ud
460 1400 484 1464 J
485 1421 576 1464 ovem
591 1400 825 1486 sospitatorem.
849 1401 1024 1467 BLOMF.

289 1517 381 1586 1075.
396 1505 454 1566 τοῦ
468 1504 541 1579 δῆτα
555 1500 669 1586 κρανεῖ]
684 1501 798 1568 Similis
807 1501 935 1590 querela
948 1502 989 1568 de
1002 1500 1191 1567 uontinuntiu
1201 1502 1340 1590 Pelopioe

243 1601 356 1668 domus
369 1602 598 1669 uulamitatibus
611 1603 697 1689 apud
711 1603 898 1691 Sophoclem
912 1602 1030 1669 Eleon.
1046 1627 1076 1667 v.
1090 1620 1167 1688 505.
1191 1604 1292 1669 SCH.

285 1711 340 1770 τοῖ
351 1705 391 1791 το]
405 1709 447 1786 τῆ
462 1732 488 1769 κ.
504 1703 582 1769 Alu
600 1706 702 1769 Turn.

288 1810 381 1891 1076.
391 1807 633 1893 μετακοιμισθὲν]
645 1807 895 1888 μετοκοιμίζομαο,
907 1808 1128 1895 Interquicuco.
1152 1808 1240 1872 Sicut
1250 1808 1338 1894 apud

242 1908 420 1972 Humerum
433 1910 646 1990 μεταταύομαα
681 1909 722 1972 ΙΙ.
738 1915 772 1972 Ρ.
787 1923 861 1995 373.
882 1910 1120 1991 μεταπαυόμενοι
1140 1911 1173 1975 δὲ
1193 1911 1336 1994 μάχοντο.

242 2009 299 2073 Vel
313 2008 492 2096 simpliciter
498 2017 575 2096 ροοί
587 2011 720 2098 quicum,
735 2025 772 2075 ut
784 2013 975 2090 μετακλαίειν
988 2025 1035 2076 ent
1051 2021 1123 2098 pou
1135 2011 1334 2098 lacrymare,-

241 2110 333 2176 Ilind.
353 2117 392 2175 A.
409 2114 481 2198 763.
505 2112 679 2177 BLOMF.
715 2112 795 2194 μέγα
816 2115 968 2193 κομισθὲν
984 2109 1134 2177 Valcken.
1155 2111 1197 2176 ad
1219 2113 1334 2202 Eurip.

240 2213 352 2278 Phoen.
367 2215 459 2299 157⁶·

280 2315 364 2401 ἄτης]
378 2317 453 2396 ἄτην
467 2314 546 2382 Ald.
583 2316 624 2381 In
640 2315 749 2383 Guelf.
766 2315 971 2403 adscriptum,
985 2315 1073 2385 τέλος
1086 2318 1243 2400 λίσχίλον
1265 2317 1332 2400 δρᾶ·

235 2444 328 2500 ματος
342 2421 507 2502 Χοηφόρος.
