2984 5054
503 364 571 427 AD
594 362 893 428 EUMENIDES.
1184 364 1243 426 52]

193 548 224 611 9.
246 528 336 609 λίμνη
359 552 421 595 nou
443 544 502 609 est,
526 546 562 596 ut
581 531 774 596 Abreschius
796 530 941 619 putabat,
961 551 1058 609 marc,
1080 530 1135 594 sed
1153 532 1251 618 palus

150 628 295 710 Deliaca,
325 632 366 698 ad
402 656 498 721 quam
527 634 646 722 Apollo
680 650 773 700 natus
808 647 887 713 erat,
915 648 945 699 et
977 635 1095 714 Δηλίαν
1124 633 1251 718 χοιράδα

153 732 325 820 AEschylus
347 757 409 798 non
432 735 472 800 de
494 735 638 801 universa
653 735 755 800 insula
770 735 864 815 Delo,
879 735 933 799 sed
948 734 1054 822 potius
1068 734 1109 799 de
1125 736 1252 820 Cyntho

151 845 253 899 moeste
267 835 397 924 intelligi
414 837 521 902 voluit
545 840 654 919 λίμνην
666 839 785 918 Δηλίαν
799 863 832 902 τε
846 836 981 921 χοιράδα,
997 835 1118 901 dictum
1132 851 1180 902 est
1192 860 1252 925 pro

149 937 259 1015 λίιινην
274 939 322 1002 καὶ
343 940 468 1023 χοιράδα
483 941 613 1021 Δηλίαν.
656 939 811 1027 Ejusdem
830 937 955 1026 paludis
970 937 1108 1004 Deliacae
1123 941 1253 1005 mentio-

151 1061 222 1102 nem
239 1040 312 1105 facit
327 1041 538 1108 Callimachus
554 1044 676 1131 Hymn.
692 1043 723 1106 in
746 1039 817 1106 Del.
834 1065 863 1104 v.
881 1042 955 1108 261.
976 1040 1032 1127 qui
1053 1063 1122 1106 eam
1144 1045 1250 1127 τροχό-

151 1166 248 1206 εσσαυ
262 1146 399 1230 appellat
417 1160 448 1209 et
467 1149 591 1228 περιηγῆ
610 1147 730 1224 λίμνην.
746 1146 792 1208 Η.
808 1144 840 1207 in
856 1142 964 1230 Apoll.
981 1167 1009 1207 v.
1025 1160 1078 1231 59.
1093 1145 1167 1210 item
1183 1147 1252 1210 Eu·

153 1242 269 1328 ripides
289 1247 367 1311 lone
387 1270 416 1309 v.
434 1249 506 1331 267.
521 1259 554 1311 et
569 1246 675 1334 lphig.
694 1248 794 1310 Taur.
811 1265 948 1329 v.1103.
973 1252 1138 1331 Τροχοειδῦη
1159 1271 1252 1312 voca·

153 1357 215 1407 tarn
239 1370 315 1426 esse,
337 1364 447 1414 auctor
472 1368 519 1414 est
542 1349 726 1413 Herodotus
750 1367 778 1426 ν,
798 1363 867 1431 170.
903 1349 1002 1412 SCH.
1049 1350 1101 1413 De
1124 1349 1254 1435 Cyntho

152 1461 258 1511 monte
280 1448 432 1514 intellexit
453 1448 633 1514 scholiasta:
661 1448 776 1513 rectius
790 1448 830 1512 de
846 1448 936 1513 litore
950 1448 1113 1535 scopuloso
1128 1451 1252 1516 Wiese·

153 1546 236 1612 lerus
250 1573 282 1636 p.
299 1570 332 1634 3.
354 1552 469 1632 Δηλίας
489 1552 631 1636 χοιράδας
651 1550 732 1616 dixit
751 1550 865 1636 Eurip.
882 1550 938 1613 Tr.
956 1550 1007 1636 89.
1052 1550 1157 1615 Aliam
1180 1576 1253 1638 quae

152 1648 183 1711 in
200 1650 322 1715 scholiis
335 1652 457 1740 adjecta
471 1668 518 1717 est
531 1653 830 1740 interpretationem,
848 1653 966 1731 Δηλίαν
980 1677 1013 1716 τε
1028 1653 1155 1736 χοιράδα
1167 1678 1174 1717 :
1199 1652 1254 1732 τὴν

153 1757 352 1836 στρογγύλην,
363 1755 404 1819 ad
415 1757 525 1836 λίμνην
539 1777 605 1819 esse
619 1754 812 1819 referendam
828 1753 942 1820 docent
953 1754 1011 1819 loci
1026 1755 1066 1820 ab
1083 1755 1253 1820 Schuetaio

154 1877 249 1941 supra
262 1855 400 1934 indicati,
416 1857 448 1921 in
463 1857 580 1946 quibus
594 1857 763 1941 τροχοειδὴς
776 1856 845 1921 luec
858 1856 950 1944 palus
965 1871 1104 1923 vocatur.

201 1977 252 2022 11.
279 1964 442 2041 Παρνησοῦ
464 1961 514 2023 Μ.
541 1959 628 2024 Roh.
651 1964 805 2037 revocaris
830 1958 909 2022 Ald.
941 1965 1127 2041 Παρνησσοῦ
1149 1960 1254 2048 vulgo.

156 2061 279 2124 Nomen
295 2062 353 2126 hoc
368 2063 500 2149 ejusque
513 2061 654 2126 derivata
667 2061 700 2125 iu
716 2061 824 2148 paucis
840 2083 914 2148 quae
934 2079 1102 2149 supersunt
1124 2064 1256 2152 tragico·

154 2184 226 2227 rum
248 2163 399 2250 exemplis
417 2164 510 2228 modo
529 2165 690 2246 Παρνησός
709 2162 803 2228 modo
817 2168 980 2246 Παρνασάς
995 2165 1160 2230 scribitur:
1182 2188 1256 2252 qum

155 2264 363 2345 librariorum,
376 2288 439 2330 non
455 2282 616 2352 poetarum
633 2265 839 2330 inconstantia
854 2288 919 2330 esse
934 2266 1068 2331 videtur.
1111 2269 1185 2354 Ego
1199 2267 1257 2333 etsi

156 2368 295 2432 ionicam
310 2368 441 2432 formam
458 2367 631 2433 rationibus
645 2367 836 2455 quibusdam
854 2367 981 2432 defendi
1001 2391 1091 2456 posse
1104 2367 1256 2457 intelligo,

155 2471 288 2558 tragicos
306 2485 409 2535 tamen
430 2485 466 2535 ut
486 2469 518 2534 iu
540 2469 607 2533 aliis
625 2468 785 2535 vocabulis
805 2468 913 2534 multis
933 2470 979 2534 ita
998 2469 1031 2535 in
1049 2470 1109 2535 hoc
1130 2492 1259 2558 quoque

155 2573 302 2637 Doricam
314 2573 446 2636 formam
463 2570 637 2657 praetulisse
650 2569 795 2635 arbitror.
819 2572 922 2650 Quam
935 2571 1112 2638 Blomlieldi
1128 2592 1257 2659 quoque

157 2673 339 2738 sententiam
351 2696 417 2737 esse
431 2673 471 2737 ad
488 2672 631 2759 Choeph.
646 2674 723 2760 563.
739 2672 927 2738 notavimus.

200 2781 364 2859 Παρνησοῦ
384 2775 411 2841 θ’
433 2776 532 2861 ἔδρας]
555 2776 682 2865 Quippe
703 2777 744 2842 ad
772 2776 885 2864 pedem
912 2777 1026 2842 montis
1048 2777 1179 2842 Parnasi
1200 2777 1260 2843 sita

158 2895 224 2944 erat
240 2879 316 2943 urbs
330 2878 461 2966 Delphi.
484 2880 653 2944 STANL.

203 3002 252 3049 ta.
268 2980 433 3066 πέμπουσι]
451 2981 584 3067 Ubique
598 2981 744 3047 Athenas
758 2982 934 3048 celebrandi
949 2983 1138 3047 occasionem
1155 2997 1261 3070 captat

158 3083 341 3172 AEschylus‚
356 3083 490 3169 ideoque
511 3082 562 3146 hic
583 3083 713 3148 artificio
735 3107 856 3150 summo
872 3085 1053 3170 Apollinem
1069 3085 1109 3151 ab
1124 3086 1260 3150 Atheni-

157 3186 284 3251 ensibus
305 3186 476 3250 deductum
499 3199 693 3251 commentus
714 3201 772 3265 est,
797 3202 832 3252 ut
853 3209 981 3274 pompa,
1001 3209 1095 3273 quam
1118 3187 1261 3275 Delphos

158 3289 334 3369 mittebant,
350 3303 413 3352 tam
430 3288 555 3374 egregia
569 3300 601 3353 et
619 3289 732 3353 celebri
754 3289 874 3376 origine
895 3289 953 3353 niti
968 3288 1138 3353 videretur.
1184 3290 1261 3353 Pin·

159 3392 254 3456 darus
276 3415 350 3456 vero
376 3391 408 3456 in
435 3391 560 3456 laudem
583 3390 693 3478 patriae
719 3413 785 3455 sure
810 3414 849 3455 ex
879 3393 1029 3478 Tanagra
1056 3391 1197 3470 Boeotiae,
1226 3408 1262 3456 ut

158 3493 300 3558 observat
315 3492 492 3558 scholiastes
507 3509 623 3571 noster,
636 3493 751 3558 deduci
765 3492 868 3557 finxit.
914 3492 1035 3557 Verum
1058 3516 1130 3557 cum
1155 3506 1262 3558 nostro

157 3595 302 3660 convenit
324 3594 447 3681 Ephori
469 3594 598 3659 historia
618 3594 704 3682 apud
729 3592 925 3673 Strabonem,
942 3613 971 3678 9.
993 3616 1025 3680 p.
1041 3612 1115 3673 422.
1139 3593 1202 3658 καθ’
1225 3593 1261 3659 δν

158 3699 270 3780 χρόνον
284 3697 338 3760 τδν
351 3695 535 3760 Ἀπόλλωνα
554 3695 608 3776 τὴν
628 3699 685 3778 γῆν
707 3697 829 3759 ἐπιόντα
850 3696 979 3777 ἡμεροῦν
1000 3696 1068 3762 τοὺς
1090 3697 1262 3777 ἀνθρώπους
1368 3774 1371 3779 Ι

158 3801 218 3863 άπό
237 3825 268 3864 τε
288 3804 347 3862 τῶν
361 3797 515 3880 ἀνημέρων
531 3805 651 3880 καρπῶν
665 3799 713 3861 καὶ
733 3803 792 3861 τιῦν
805 3799 884 3876 βίων
899 3799 931 3876 ἐξ
944 3795 1081 3876 Ἀθηνῶν
1095 3797 1262 3880 ὁρμηθέντα

160 3901 208 3965 ἐπὶ
227 3899 370 3983 Δελφοὺς
391 3900 500 3978 ταύτην
515 3899 592 3963 livor
613 3900 667 3978 τὴν
682 3899 754 3962 ὁδὸν
771 3895 791 3986 ᾖ
813 3904 867 3962 νῦν
880 3897 1035 3979 Ἀθηναῖοι
1056 3901 1111 3980 τὴν
1125 3900 1263 3965 Πυθιάδα

157 4003 317 4083 πέμπουσι.
342 4001 512 4065 STANL.

200 4102 386 4188 σεβίζουσιν]
403 4105 574 4178 θεσπίζουσι
590 4102 663 4166 Par.

205 4225 252 4289 13.
280 4204 484 4269 κελευθοποιοὶ
506 4207 610 4270 παῖδες
632 4199 818 4289 Ἡφαίστου]
847 4205 948 4269 Recte
971 4204 1193 4292 interpretatus
1215 4219 1262 4270 est

158 4304 376 4371 Wakefieldus
386 4305 519 4391 fabros,
544 4319 575 4366 et
600 4303 633 4367 id
658 4328 760 4391 genus
783 4305 916 4370 artifices
939 4307 1154 4382 mercenarios,
1179 4305 1262 4368 viam

158 4409 354 4485 salebrosam,
384 4407 494 4492 (addas
518 4407 610 4471 licet:
647 4406 792 4493 virgultis
817 4406 1048 4495 fruticibusque
1072 4406 1203 4471 obsitam
1231 4422 1263 4470 et

155 4511 351 4600 impeditam)
379 4508 599 4595 difficilemque
627 4528 752 4594 pompae
777 4520 960 4588 sternentes,
984 4521 1016 4573 et
1040 4505 1263 4595 impedimenta

685 4628 742 4694 311
