2984 5054
266 331 331 392 sm
627 332 1006 413 nunornsronus

264 499 368 563 omnia
382 513 560 563 amoventes
574 500 614 563 ad
631 500 793 586 Delphum
808 500 1083 587 proficiscentibus.
1129 500 1257 564 Erravit
1273 500 1369 564 Stan-

263 600 352 677 leius,
373 623 444 664 cum
465 601 653 687 AEschylum
675 601 716 665 nd
740 601 856 666 Thesei
879 601 1000 666 facinus
1022 602 1053 665 in
1076 602 1250 668 latronibus
1272 602 1369 667 truci·

262 702 375 767 dandis
388 701 560 788 respexisse
574 702 707 788 putavit.
733 703 832 768 SCH.

305 810 407 873 παῖδες
431 803 619 891 Ἡφαίστου]
649 805 859 869 Athenienses
884 806 1017 870 Vulcani
1042 819 1133 871 vocat
1158 805 1247 880 lilios,
1274 807 1367 894 quasi

262 906 376 971 artium
407 906 547 970 omnium
576 906 787 993 peritissimos.
833 909 916 971 Narn
945 930 965 971 a
990 906 1132 972 Vulcano
1159 921 1191 973 et
1217 908 1367 973 Minerva

262 1030 369 1071 omnes
383 1022 465 1072 artes
479 1007 637 1095 perfectae.
683 1007 780 1072 Unde
795 1011 927 1075 Homer.
945 1009 1059 1096 Odyss.
1076 1016 1112 1089 Z,
1129 1027 1203 1097 233.

490 1184 578 1195 ——
592 1145 629 1210 bv
638 1144 812 1229 Ἥφαιστος
827 1146 931 1211 δέδαεν
947 1148 995 1210 καὶ
1010 1149 1140 1212 Παλλὰς
1152 1144 1275 1226 Ἀθήνη.

262 1282 307 1345 Et
323 1283 446 1368 Hymn.
462 1280 494 1345 in
509 1279 601 1347 Vulc.
616 1304 645 1343 v.
661 1301 690 1344 1.

428 1398 607 1482 Ἥφαιστον
623 1402 799 1480 κλυτόμητιν
813 1402 921 1475 ἆείδεο,
938 1405 1051 1464 Μοῦσα
1065 1404 1174 1482 λιγεῖα·

433 1500 466 1569 ὃς
478 1499 541 1583 μετ’
555 1501 714 1581 Ἀθηναίης
728 1504 932 1585 γλαυκώπιδος
947 1503 1048 1584 ἇγλαὰ
1064 1502 1138 1584 ἔργα

433 1605 604 1686 ἀνθρώπους
618 1601 754 1682 ἐδίδαξεν
769 1605 817 1667 ἐπὶ
831 1605 950 1687 χθονός.
964 1640 1051 1652 -

260 1739 304 1802 Νἱ
327 1739 431 1826 potius
449 1738 525 1826 quia
542 1737 779 1815 Erichthonius,
794 1761 892 1824 aquo
907 1737 1126 1816 Athenienses,
1144 1734 1274 1802 Vulcani
1294 1752 1362 1803 erat

259 1841 352 1905 filius.
398 1840 554 1905 Fabulam
571 1856 708 1904 recenset
724 1839 935 1926 Etymologus
949 1862 982 1926 p.
996 1854 1072 1923 371,
1090 1859 1142 1924 29.
1167 1839 1333 1903 STANL.

306 1945 357 2006 16.
373 1940 512 2028 Δελφός]
529 1943 562 2005 A
577 1965 642 2027 quo
656 1939 772 2004 scilicet
786 1939 856 2005 urbi
873 1962 1003 2005 nomen:
1028 1963 1100 2005 narn
1115 1940 1260 2006 observat
1276 1943 1361 2006 Pau·

260 2045 360 2110 sanias
372 2064 423 2123 10,
440 2047 471 2122 6,
486 2064 520 2129 3.
544 2043 671 2125 Δελφὸν
690 2045 721 2106 δὲ
738 2042 844 2127 (εἶναι)
860 2043 914 2124 ἀφ’
929 2043 964 2106 οὗ
985 2042 1020 2106 τὸ
1042 2045 1137 2123 ὄνομα
1158 2046 1193 2122 τῇ
1215 2046 1304 2108 πόλει
1324 2044 1361 2107 τὸ

261 2145 309 2230 ἐφ’
324 2147 406 2227 ἡμῶν
421 2149 512 2211 ἐστιν.
542 2148 588 2210 Et
601 2160 632 2230 5.
650 2147 690 2209 Ol
702 2146 759 2225 μὲν
774 2146 806 2207 tt
821 2149 1017 2226 γενεαλογεῖν
1030 2146 1068 2209 τὸ
1082 2144 1179 2208 πάντα
1194 2145 1360 2231 ἐθέλοντες,

259 2254 351 2315 παῖδα
372 2248 448 2314 εἶναι
463 2253 590 2331 Δελφοῦ
606 2249 713 2320 uteo,
732 2246 779 2310 καὶ
800 2247 859 2310 ἀπὸ
881 2250 933 2309 τοῦ
953 2247 1196 2324 βασιλεύσαντος
1216 2246 1362 2330 γενέσθαι

259 2353 294 2439 τῇ
316 2355 404 2417 πόλει
425 2351 459 2415 τὸ
482 2353 577 2431 ὄνομα
598 2351 732 2433 ἥγηνται.
778 2351 810 2412 Α
827 2347 953 2434 Delpho
973 2370 1049 2433 ergo
1068 2347 1198 2435 Delphi,
1217 2371 1237 2412 a
1255 2349 1361 2436 Pythe

260 2454 376 2540 Pytho.
425 2452 610 2518 Scholiastes
631 2474 670 2516 ex
687 2448 926 2537 Epaphrodito:
952 2452 1107 2528 Μελαίνης
1129 2452 1162 2513 δὲ
1185 2445 1233 2513 καὶ
1246 2455 1359 2516 Ποσει-

259 2559 351 2621 δῶνος
367 2554 501 2637 Δελφὸς,
517 2552 569 2636 ἀφ’
586 2555 620 2616 οὗ
635 2556 664 2616 ol
680 2554 810 2633 Δελφοί.
836 2551 959 2615 STAN
963 2551 1003 2614 L.

305 2675 355 2739 17.
381 2654 647 2740 τέχνης-ἔνθεον]
672 2656 741 2718 Nec
765 2653 856 2741 τέχνῃ
881 2675 951 2717 cum
980 2654 1110 2718 Pauwio
1133 2655 1359 2740 reponendum,

258 2780 372 2844 neque,
388 2756 474 2845 quod
489 2756 589 2820 voluit
604 2754 810 2833 Abreschius,
825 2770 896 2842 post
911 2755 1028 2838 τέχνης,
1044 2757 1133 2821 ἕνεκα
1146 2756 1358 2845 supplendum

258 2876 314 2925 est.
358 2860 475 2943 Τέχνης
490 2861 595 2924 ἔνθεον
610 2857 708 2941 φρένα
723 2862 825 2925 κτίσας
841 2858 993 2945 significat
1007 2869 1174 2947 postquam
1189 2862 1257 2946 ejus
1271 2883 1358 2925 men-

259 2973 318 3028 tem
333 2963 446 3026 divino
467 2962 665 3026 vaticinandi
685 2971 755 3025 arte
772 2962 923 3047 implevit.
969 2961 1058 3025 Ordo
1071 2975 1175 3026 autem
1192 2962 1359 3027 verborum

258 3080 324 3130 est:
360 3065 435 3133 Ζεὺς
459 3063 493 3128 δέ
519 3089 574 3138 νιν,
603 3065 705 3130 κτίσας
730 3061 828 3144 φρένα
854 3063 959 3126 ἔνθεον
985 3062 1101 3146 τέχνης,
1129 3065 1182 3139 ltu
1206 3064 1358 3147 τέταρτον.

260 3168 359 3333 sclllll
368 3267 500 3354 θρόνοις]
516 3270 635 3351 χρόνοις
651 3266 744 3330 L.M.
761 3264 870 3329 Guelf.
885 3264 961 3329 Ald.
979 3265 1065 3330 Roh.

305 3393 352 3454 19.
369 3372 443 3438 Διὸς
457 3368 620 3454 προφήτης]
637 3367 791 3454 Virgilius
807 3365 933 3430 AEneid.
950 3387 983 3451 3,
1001 3385 1073 3451 250.

387 3504 532 3592 Accipite
546 3527 622 3590 ergo
635 3502 757 3582 animis,
771 3516 867 3589 atque
881 3500 948 3565 hoec
965 3524 1033 3566 inea
1047 3503 1133 3590 figite
1147 3504 1242 3585 dicta,

386 3611 466 3687 Quae
482 3605 605 3672 Phoebo
619 3619 709 3693 pater
722 3603 929 3690 omnipotens,
944 3603 1020 3667 mihi
1037 3606 1179 3673 Phoebus
1194 3608 1314 3696 Apollo

387 3710 551 3774 Proedixit.
567 3745 653 3758 --·-

257 3839 323 3903 Ubi
347 3838 491 3903 Servius:
516 3835 703 3900 Notandum
725 3832 901 3919 Apollinem
924 3854 997 3918 ηοω
1018 3831 1095 3896 dicit
1116 3833 1156 3897 ab
1177 3835 1263 3898 Jove
1284 3857 1358 3924 cog.

255 3961 390 4006 reoscere.
420 3942 465 4002 Et
481 3936 673 4008 Macrobius,
691 3933 848 3999 Saturnal.
864 3950 897 4018 5,
915 3952 965 4001 ππ.
997 3935 1130 4020 Affirmo
1144 3937 1357 4003 doctissimum

257 4051 360 4107 vatem
374 4045 468 4106 etiam
483 4042 518 4102 in
536 4040 591 4102 boc
607 4037 806 4123 AEacbytum,
820 4038 1102 4100 eminentissimum
1122 4040 1357 4127 tragoditarum

255 4147 449 4231 scriptorem,
469 4151 630 4212 secutum,-
654 4143 709 4227 qui
731 4142 766 4202 iu
775 4139 909 4226 fabulo,
928 4160 999 4225 quae
1019 4140 1138 4204 Latino
1159 4143 1277 4230 lingua
1301 4166 1357 4208 SA.

257 4269 433 4314 oanoorns
448 4245 627 4309 inscribitur
644 4251 770 4329 (nempe
783 4240 927 4323 Ἱέρειαι),
942 4244 988 4305 sic
1002 4245 1068 4305 uit:

385 4373 532 4438 Στέλλειν
548 4373 626 4438 ὅπως
641 4371 777 4454 τάχιστα·
802 4372 893 4432 ταῦτα
908 4371 965 4449 γὰρ
981 4369 1075 4448 πατὴρ

384 4477 458 4544 Ζεὺς
473 4477 604 4559 ἐγκαθίει
619 4476 711 4557 Λοξίη
726 4474 922 4551 θεσπίσματα.
