2984 5054
188 321 253 386 ott
550 320 929 383 ANNOTATIONES

188 512 280 554 versu
295 488 438 552 abutitur
452 491 576 552 Auctor
595 495 632 553 X.
650 497 688 554 Π.
705 512 737 575 p.
755 510 804 571 72.
820 489 875 575 qui
891 488 983 553 etiam
1006 486 1114 574 adjicit
1132 494 1301 555 πεισθεῖσα

190 592 264 675 (hoc
279 615 317 655 ex
334 615 362 653 v.
378 611 435 677 59¹
446 593 468 674 .)
484 597 524 677 τῷ
540 592 663 674 φέροντι
678 593 826 656 θέσκελον
840 591 942 673 φάτιν.
983 589 1125 654 Iudicem
1140 588 1301 672 locorum,

189 694 305 779 quibus
330 693 447 756 abusus
468 709 514 756 est
541 696 665 757 Auctor
688 700 726 757 X.
752 699 794 756 Π.
821 693 926 756 videas
954 691 985 755 iu
1015 691 1145 756 Porsoni
1172 693 1299 780 Opusc.

190 818 222 882 p.
239 814 312 877 227.
328 794 379 858 ed.
397 795 517 858 111de
540 798 716 860 BLOMF.

232 917 306 985 597.
331 901 500 984 κοιμῶντες]
527 902 625 964 Recte
643 899 777 985 explicat
794 897 961 963 Butlerus:
986 901 1126 964 “Locus
1140 913 1188 963 est
1203 899 1298 965 iutel-

189 1001 334 1088 ligeudus
356 1001 395 1064 de
417 1000 690 1065 acclamationibus
713 1001 745 1065 in
770 1002 832 1065 fine
858 1001 1106 1066 sacrificii-duo
1127 1003 1298 1090 participia

191 1103 296 1189 itaque
311 1103 343 1167 h.
358 1103 380 1165 l.
397 1104 797 1185 εὐφημοῦντες-κοιμῶντες
812 1102 896 1167 idem
911 1105 1015 1168 valent
1029 1103 1115 1190 quod
1135 1111 1298 1185 κοιμῶντες

192 1207 226 1268 ἐν
242 1206 447 1286 εὐφημισμοῖς,
462 1204 543 1268 inter
557 1205 804 1291 extinguendum
821 1204 1055 1270 acclanrontes.”
1077 1207 1257 1271 BLOMF.

237 1309 310 1391 603.
332 1306 406 1389 ἀπὸ]
434 1307 461 1368 Ι.
477 1329 503 1368 e.
519 1305 537 1384 ἦ
553 1308 621 1370 ἀπό.
664 1307 715 1370 Sic
738 1307 850 1393 Eurip.
868 1306 987 1372 Alcest.
1004 1328 1077 1392 900.
1092 1311 1124 1373 τί
1134 1312 1194 1390 γὰρ
1208 1309 1297 1391 ἀνδρὶ

193 1408 283 1470 κακὸν
297 1408 406 1486 μεῖζον,
424 1411 565 1489 ἁμαρτεῖν
580 1413 684 1487 πιστῆς
698 1407 831 1491 ἀλόχον;
860 1410 1034 1472 BLOMF.

236 1509 342 1592 ἄνδρα]
362 1509 567 1573 Scribendum
585 1511 667 1591 ἀνδρὶ
682 1532 753 1573 cum
771 1508 967 1574 Blomfieldo.

236 1614 309 1694 605.
335 1610 491 1696 ἐράσμιον]
512 1614 624 1676 Vocem
641 1613 726 1699 apud
743 1630 862 1677 veteres
881 1629 988 1700 poetas
1003 1614 1054 1678 vix
1071 1612 1144 1678 alibi
1167 1614 1297 1679 invene·

193 1714 242 1777 ris.
290 1713 474 1791 Simonides,
491 1716 554 1778 sive
570 1714 735 1799 quisalius
752 1714 910 1779 Simonide
929 1716 1091 1793 recentior,
1106 1717 1173 1798 περὶ
1188 1743 1294 1799 γυναι-

195 1823 263 1893 κῶν,
284 1838 337 1899 51.
361 1819 441 1903 κείνῃ
460 1821 517 1898 γὰρ
540 1819 623 1880 οὔτι
646 1816 749 1889 καλὸν,
772 1815 832 1880 οὐδ’
855 1818 997 1899 ἐφίμερον
1022 1816 1204 1898 Πρόσεστιν,
1224 1819 1295 1884 οὐδὲ

194 1919 330 1997 τερπνὸν,
354 1917 413 1981 οὐδ’
433 1916 586 1998 ἐράσμιον.
627 1917 776 2003 Xenoplr.
802 1921 910 2005 Symp.
928 1919 959 1996 8,
974 1921 1028 2003 36.
1050 1924 1091 2005 τῷ
1112 1920 1166 1999 τὴν
1187 1923 1297 2005 ψυχὴν

196 2021 336 2104 ἓρασμίιρ.
362 2020 537 2082 BLOMF.

240 2123 312 2183 606.
337 2122 428 2204 εὕροι]
454 2123 665 2184 Inventurum
680 2143 754 2185 erre.
787 2123 838 2185 De
861 2123 919 2187 hoc
943 2146 1000 2186 usu
1020 2123 1150 2209 optativi
1170 2121 1201 2185 iu
1225 2146 1295 2186 om-

197 2222 280 2284 tiouc
293 2221 421 2307 obliqua
437 2245 466 2283 v.
483 2222 521 2285 ad
540 2221 637 2309 Soplr.
654 2222 787 2286 Philoct.
805 2227 877 2306 617.

240 2328 313 2407 609.
340 2325 551 2409 σημαντήριον]
582 2327 745 2412 Sigillum.
773 2331 926 2407 σφραγῖδα
948 2331 999 2405 τῆς
1024 2326 1097 2407 πρὸς
1121 2325 1174 2390 τὸν
1200 2329 1297 2410 ἄνδρα

197 2428 291 2505 εὐνῆς.
321 2426 415 2490 schol.
452 2427 597 2514 Euripidi
627 2428 805 2508 σήμαντρον.
841 2426 913 2513 Iph.
940 2430 983 2490 T.
1009 2443 1101 2511 1372.
1128 2432 1237 2495 δεινοῖς
1262 2432 1295 2493 δὲ

196 2528 407 2610 σημάντροισιν
422 2531 670 2611 ἐσφραγισμένοι.
710 2529 799 2592 Idem
823 2530 854 2592 in
880 2528 1061 2615 Hypsipyle
1075 2552 1125 2615 up.
1142 2529 1296 2594 Eustath.

194 2631 233 2692 ud
262 2631 302 2693 ll.
323 2639 362 2694 N.
387 2654 418 2717 p.
439 2651 513 2715 959,
535 2653 587 2717 43.
622 2634 746 2710 εὔσημα,
774 2633 821 2694 καὶ
847 2636 897 2708 od,
926 2632 974 2694 καὶ
998 2632 1296 2713 κατεσφραγισμένα.

196 2732 371 2795 BLOMF.

239 2837 310 2897 611.
327 2832 385 2897 οὐδ’
402 2834 481 2917 οἶδα]
499 2835 550 2897 οὐκ
565 2835 630 2898 οἴδα
648 2833 841 2898 SchuetziuS.

239 2940 312 2999 612.
329 2941 444 3020 χαλκοῦ
456 2936 575 3019 βαφάς]
594 2937 688 2999 AEris
703 2939 884 2999 tincturam.
920 2938 1022 3002 Schol.
1038 2939 1140 3018 ὥσπερ
1153 2938 1208 3002 οὐκ
1228 2937 1296 3003 οἴδα

195 3041 247 3103 τὰς
257 3042 362 3119 βαφὰς
373 3043 425 3100 τοῦ
438 3038 567 3119 σιδήρου,
580 3040 671 3104 οὕτως
681 3039 748 3101 οὐδὲ
761 3040 869 3117 ἡδονὴν
881 3039 982 3121 ἑτέρου
991 3039 1106 3122 ἀνδρός.
1133 3040 1295 3103 Abresclr·

195 3138 244 3202 ius
273 3139 505 3226 interpretatur,
529 3162 592 3202 τιοιι
615 3142 722 3225 mugio
744 3143 819 3203 novi
850 3143 1038 3228 voluptatem
1061 3165 1100 3206 ec
1122 3143 1186 3206 alio
1212 3144 1294 3219 viro,

195 3265 288 3328 quam
304 3245 367 3305 scio
389 3243 462 3305 στὶν
481 3244 664 3317 tincturam,
681 3240 700 3304 i.
716 3265 742 3303 e.
766 3264 829 3304 rem
851 3265 923 3326 quoe
943 3244 1009 3306 lien'
1032 3245 1158 3330 nequit,
1183 3244 1244 3320 vel,
1269 3244 1295 3307 si

195 3348 308 3429 χαλκός
323 3345 453 3431 legatur,
470 3348 576 3431 mugio
590 3367 685 3432 quam
701 3367 743 3407 us
758 3346 948 3417 tincturam·
972 3345 1089 3409 ferrum
1105 3344 1187 3409 euim
1210 3370 1296 3432 aqua

196 3449 326 3513 tinctum
354 3451 505 3528 στόμωσιν
531 3447 652 3534 accipit,
681 3469 741 3510 non
769 3447 842 3510 item
868 3471 928 3520 aes3
962 3447 1080 3511 etiamsi
1104 3448 1237 3511 Proclus
1262 3448 1294 3512 in

196 3552 326 3616 Hesiod.
352 3555 415 3638 Op.
440 3571 510 3633 142.
534 3567 565 3614 et
589 3549 736 3614 Eustnth.
763 3549 803 3612 ad
826 3549 916 3613 Iliad.
946 3560 981 3623 Α,
1004 3553 1075 3634 236.
1099 3550 1228 3614 tradunt
1251 3574 1295 3615 aes

195 3655 279 3740 apud
308 3671 426 3718 veteres
450 3653 583 3717 calidum
611 3654 641 3715 iu
668 3674 780 3736 aquam
808 3651 951 3735 frigidam
983 3653 1160 3715 immersum
1185 3653 1294 3730 fuisse,

195 3778 260 3838 quo
282 3754 393 3818 durius
416 3756 514 3816 fieret.
561 3753 729 3816 Schutzius
757 3752 858 3814 reddit
887 3758 1003 3834 χαλκοῦ
1030 3755 1134 3834 βαφάς
1161 3755 1295 3817 vulnera

182 3855 282 3937 firro
299 3858 430 3940 inflicta,
446 3854 495 3916 cui
519 3854 645 3916 minime
666 3854 823 3917 assentior.
868 3854 1019 3918 Butlerus
1036 3877 1108 3917 vero
1122 3858 1295 3918 tincturam

197 3957 280 4018 ανον.
307 3955 338 4018 Ιι.
363 3979 390 4017 e.
415 3977 478 4040 qua
498 3957 620 4018 ratione
641 3979 686 4019 ces
711 3960 755 4020 ad
775 3959 881 4019 instar
902 3957 985 4018 louae
1007 3957 1135 4019 colorem
1159 3957 1294 4043 aliquem

196 4057 300 4119 bibat.-
331 4073 362 4119 et
392 4056 553 4120 fatendum
583 4057 709 4141 quidem
739 4074 786 4122 est
813 4056 917 4136 βαφάς
945 4057 975 4119 in
1007 4056 1120 4144 plurali
1150 4057 1190 4120 de
1215 4058 1295 4121 lanae

197 4158 332 4222 tinctura
358 4158 469 4222 usitate
498 4156 592 4243 poui;
617 4181 643 4219 c.
664 4182 696 4242 g.
722 4182 817 4244 supra
844 4176 916 4241 230.
939 4157 1020 4220 infra
1048 4179 1121 4242 933.
1149 4157 1293 4244 Clroeph.

199 4281 289 4326 1010.
328 4260 407 4326 τινὸς
429 4261 500 4341 πρὸς
522 4258 785 4342 ἀνδρὸς-χαλκὸς
800 4261 924 4321 Auctor
936 4264 975 4320 X.
988 4264 1029 4321 Π.
1043 4259 1127 4321 unde
1141 4258 1293 4343 aliquate-

196 4387 255 4428 nus
276 4365 419 4426 firmatur
442 4361 556 4427 Aurnti
578 4361 726 4424 correctio
749 4359 869 4444 χαλκός.
918 4362 994 4423 Post
1022 4359 1104 4422 lrunc
1126 4381 1249 4425 versum
1275 4384 1295 4424 a

196 4488 285 4530 scena
313 4464 444 4530 discedit
473 4462 721 4549 Clytaemnestra,
752 4477 783 4527 et
818 4478 924 4547 posteo
951 4481 1023 4523 cum
1054 4463 1293 4544 Agamemnone
