2984 5054
267 334 333 401 578
624 330 1004 396 ANNOTATIONES

312 501 363 568 28.
382 499 491 581 δέξαιθ
506 501 589 566 Rob.
607 501 716 589 Steph.
740 501 845 581 δέξαιτ’
860 499 939 564 Ald.
955 499 1059 562 Turn.

312 621 363 687 29.
380 604 480 688 αἰδοίῳ
495 605 640 685 πνεόμοτι
650 602 761 687 χώρας]
768 603 850 668 Cum
861 601 1073 665 benevolentia
1084 607 1189 676 terroe,
1203 596 1224 660 i.
1236 619 1264 660 e.
1279 596 1373 662 inco-

266 702 378 768 larum.
395 705 686 771 WELLAUER.

309 827 362 892 31.
378 804 402 870 δ’
420 808 530 890 ἑσμόν]
545 808 569 873 δ’
587 809 680 888 έαμδν
694 803 801 896 vulgi).
823 807 936 888 δεσμόν
947 805 1023 872 Ald.
1040 804 1124 869 Rob.

308 929 361 994 33.
376 910 439 994 όχιρ
454 910 606 995 ταχυήρει]
623 912 720 976 Nave.

308 1030 360 1095 39.
377 1010 628 1092 αφετεριξόμενον
649 1012 906 1095 πατραδελφείαν]
931 1008 1188 1091 Σφετεριξόμεναν
1206 1006 1248 1071 ad
1271 1005 1371 1086 έσμδν

263 1119 408 1183 refertur.
454 1122 555 1184 Orant
576 1137 680 1185 autem
704 1120 848 1207 virgines,
864 1141 904 1182 ne
925 1141 944 1181 a
965 1117 1038 1181 viris
1060 1116 1265 1203 abripiuntur,
1281 1129 1313 1178 et
1332 1114 1370 1178 in

264 1243 370 1284 earum
391 1235 576 1307 potestatem
592 1223 729 1303 veniant,
744 1245 781 1287 οο
796 1235 956 1308 tamquam
970 1218 1107 1306 propriae
1124 1219 1166 1283 ab
1179 1216 1254 1304 ipsis
1273 1237 1368 1280 usur·

263 1336 388 1407 pentur.
436 1322 476 1387 Id
492 1323 574 1387 enim
591 1339 637 1388 est
648 1325 887 1406 σφετερίζεσθαι.
931 1321 1129 1408 Hesychius:
1154 1320 1368 1402 Σφετεριζόμε-

263 1447 323 1497 νος,
346 1425 572 1506 ὑφαιρούμενος,
599 1427 840 1505 ίδιοποιοόμενος.
871 1422 980 1488 Proles
1004 1421 1216 1504 πατραδέλφοα
1237 1419 1288 1483 hic
1307 1443 1367 1482 πο-

263 1528 430 1608 τραδελφία
453 1525 579 1591 dicitur.
616 1527 759 1614 Hesych.
784 1523 1013 1608 Πατρόδελφος,
1044 1530 1123 1592 θεῖος
1146 1523 1219 1603 πρὸς
1243 1522 1365 1604 πατρός.

264 1625 432 1692 STANL.
470 1627 713 1712 πατραδέλφειαν
728 1627 883 1692 Pauwius.
906 1627 1133 1709 πατραδελφίαν
1146 1623 1229 1690 libri.

304 1729 619 1815 41-48=49-56.

304 1832 616 1916 57-62=63-68.

305 1934 619 2016 69—76=77-84.

306 2033 620 2119 85-89=90-94.

304 2150 678 2223 95-102=103-110.

310 2256 706 2325 111-122=123-133.

307 2356 702 2427 134-143=144—-153.

306 2445 701 2529 154-167=168-175.

302 2562 354 2621 41.
372 2543 614 2630 έπικεκλόμεναι]
631 2545 847 2626 ἐπικεκλομένα
862 2547 965 2610 Turn.
981 2559 1073 2611 recte.

301 2664 355 2724 42.
379 2652 456 2712 Δῖον
477 2648 594 2729 πόρτιν]
625 2648 762 2712 Vindwm
786 2649 961 2736 Epaphum
982 2663 1082 2729 vocat,
1102 2672 1141 2713 ex
1159 2651 1245 2717 Jove
1264 2662 1298 2713 et
1317 2649 1361 2715 Io

258 2769 332 2832 quae
347 2768 442 2811 vacca
456 2749 560 2812 fuerat
575 2764 773 2836 prognatum.
819 2749 871 2815 Sic
884 2750 966 2814 infra
979 2774 1010 2814 v.
1024 2772 1098 2837 313.
1123 2754 1222 2816 SCH.

300 2850 496 2929 ὑπερπόντιον
510 2850 646 2935 τιμόαρο]
665 2850 826 2914 medicem
840 2862 982 2917 nostrum
1002 2856 1267 2932 ιτατιιτνιιιίπντπ,
1282 2852 1360 2940 quia

259 2948 322 3013 scil.
338 2948 370 3011 in
386 2949 530 3037 AEgypto
544 2951 656 3015 fuerat.
683 2953 782 3016 SCH.

300 3071 354 3137 43.
371 3051 482 3134 τιμάορ’
497 3051 573 3138 ἶνιν]
589 3052 645 3134 τιμ’
662 3055 776 3136 όόρινιν
791 3054 868 3119 Ald.
885 3056 969 3120 unde
983 3057 1123 3140 τιμόαρον
1136 3058 1197 3124 ἶνιν
1211 3059 1316 3122 Turn.

301 3172 354 3234 44.
377 3156 603 3234 ἀνθονομούσας
625 3158 794 3221 Porsonus.
828 3160 1011 3239 ἀνθονόμους
1031 3165 1083 3228 τᾶς
1105 3161 1156 3225 Μ.
1175 3176 1208 3225 et
1224 3160 1280 3246 qui
1302 3162 1358 3229 τὰς

258 3256 332 3319 Par.
348 3256 433 3321 Rob.
459 3259 641 3338 ἀνθονόμους
655 3266 720 3328 ταῖς
735 3258 813 3324 Ald.
842 3262 1008 3341 όνθονόμον
1022 3269 1086 3331 ταῖς
1100 3264 1205 3328 Tum.
1230 3264 1357 3329 ἀνθονο-

257 3363 326 3436 μαῖς
339 3364 404 3426 ταῖς
419 3359 530 3424 Guelf.

298 3479 352 3543 45.
371 3463 538 3546 ἐπιπνοίας]
557 3464 722 3530 ἐπιπνοίας
736 3463 787 3526 Μ.
805 3461 915 3527 Guelf.
931 3465 1011 3530 Ald.
1029 3467 1132 3532 Turn.

299 3565 352 3642 46.
366 3578 420 3644 47.
436 3578 468 3627 et
480 3578 533 3648 54.
544 3578 598 3648 55.
612 3565 834 3652 eonjungendi.

299 3666 351 3746 46.
379 3666 508 3751 ἔφαψιν]
536 3667 564 3729 Ι.
587 3690 619 3753 q.
642 3681 733 3731 antea
759 3671 879 3754 ἐπαφὴν
897 3693 927 3735 v.
955 3671 1002 3735 18.
1027 3668 1248 3758 appellaverat.
1270 3669 1355 3734 Con·

256 3769 468 3831 treceatiomm
489 3769 571 3830 enim
586 3769 679 3833 Jovis
693 3774 817 3837 nomine
826 3773 899 3858 filii
912 3773 1113 3859 confirmavit
1124 3773 1252 3858 ejueque
1263 3790 1355 3834 omen

256 3870 400 3954 implevit
399 3871 512 3955 finale
526 3879 647 3958 όντνιριιο
664 3873 739 3955 (scil.
754 3874 949 3962 graviditatis
965 3875 1023 3938 Ifis
1037 3896 1138 3960 usque
1152 3871 1192 3936 ad
1210 3877 1351 3959 partum)

256 3969 486 4058 Εραρίιιιπιριιο
496 3977 617 4059 peperit
630 3975 671 4040 ab
686 3979 788 4064 ἐπαφῇ
802 3977 855 4043 illa
869 3977 1071 4042 nominatum.
1117 3976 1169 4041 Sic
1190 3973 1353 4040 Prometh.

255 4092 286 4134 v.
303 4070 322 4133 δ
323 4090 377 4155 54.

386 4175 514 4238 ἐνταῦθα
528 4175 563 4255 δή
578 4201 614 4241 σε
630 4176 704 4244 Ζεὺς
717 4178 834 4258 τίθησιν
848 4179 984 4260 ἔμφρονα

385 4276 509 4359 ἐπαφῶν
524 4279 650 4360 ἀταρβεῖ
661 4281 740 4362 χειρὶ
755 4281 803 4344 καὶ
816 4282 909 4363 θιγὼν
922 4282 1025 4361 μόνον.

385 4379 539 4458 ἐπώνυμον
553 4381 586 4442 δέ
600 4386 660 4446 τῶν
674 4381 747 4449 Διὸς
761 4381 930 4465 θιγημότον

383 4478 475 4559 τέξεις
490 4481 795 4567 κελαινδνἜπαφον.
833 4485 933 4550 SCH.
