2984 5054
245 347 311 411 lus
604 345 982 410 ANNOTATIONES

245 510 421 588 nutrivisse,
444 510 477 575 in
505 512 610 576 luctus
633 533 707 576 vero
732 501 882 597 tempore
897 508 1077 574 totondisse.
1123 508 1225 573 iidem
1248 509 1344 573 etiam

246 611 381 699 puberes
404 609 479 675 fecti
503 610 619 675 crinem
645 611 810 676 detonsum
833 632 1012 674 consecrare
1037 607 1179 674 solebant
1201 608 1346 691 Apollini

246 712 434 795 κουροτρόφφ
455 726 486 776 et
512 710 632 777 fluviis:
665 733 760 797 quem
787 733 903 774 morem
926 708 1084 773 inchoavit
1107 707 1263 786 Theseus,
1287 710 1346 796 qui

244 831 365 875 comum
387 833 427 874 ex
448 810 602 876 anteriore
623 811 732 899 capitis
754 827 843 898 parte
865 824 979 875 sectam
994 808 1137 896 Apollini
1154 809 1250 874 Delio
1271 833 1347 874 con-

245 911 387 977 secravit.
432 911 588 977 Stauleius
616 912 737 977 confert
767 913 944 976 Homerum
976 909 1016 975 11.
1041 915 1080 975 Ψ.
1103 930 1174 990 140.
1201 926 1233 974 et
1261 927 1347 975 recte

245 1014 411 1100 distinguit
431 1015 513 1078 inter
534 1013 681 1101 capillum
697 1012 881 1094 θρεπτήριον,
896 1034 991 1097 quem
1006 1009 1189 1076 fluminibus
1203 1024 1259 1074 eut
1273 1010 1347 1074 Diis

246 1116 430 1195 tondebant,
445 1130 477 1181 et
490 1115 696 1197 πενθνμπὶριον,
712 1137 777 1199 quo
790 1113 905 1177 amicos
920 1112 985 1177 vita
997 1112 1122 1176 functos
1135 1110 1344 1176 honorabunt.

248 1216 339 1280 Idem
361 1217 546 1296 observavit,
562 1223 584 1255 “
599 1215 694 1296 Quod
716 1217 869 1294 πλόκαμος
888 1213 1080 1295 πενθνμήριος
1094 1212 1259 1300 AEschylo,
1275 1216 1346 1278 Eu·

245 1315 339 1402 ripidi
353 1329 400 1381 est
415 1320 490 1397 κόμα
504 1317 649 1399 πενθήρης
663 1314 818 1380 Phoeniss.
833 1315 928 1399 332.”
973 1315 1063 1380 Idem
1082 1314 1186 1380 valent
1207 1313 1347 1394 πένθιμοι

247 1419 357 1498 κουραί,
375 1417 489 1505 Eurip.
507 1418 709 1506 5ορρ1.97ν.
733 1418 907 1481 BLOMF.
954 1418 1046 1481 Duos
1064 1417 1120 1503 qui
1138 1439 1213 1481 mox
1235 1439 1347 1502 seque-

247 1517 363 1582 bnntur
376 1540 495 1598 versus,

416 1669 453 1733 οὔ
467 1674 525 1753 γορ
539 1672 641 1752 παρὸν
655 1667 761 1757 ᾤμωξα
775 1669 842 1743 σὸν,
858 1668 961 1750 πάτερ,
976 1671 1079 1751 μόρον,

418 1770 478 1835 οὐδ’
495 1769 627 1850 ίξότεινα
641 1769 715 1855 χεῖρ’
732 1769 778 1835 ἐπ’
794 1771 908 1855 ἐκφορᾷ
923 1776 1036 1852 νεκροῦ·

246 1942 287 1985 ex
303 1921 379 1984 MS.
393 1919 478 1984 edidi
491 1920 522 1983 in
538 1920 737 1985 annotatione
750 1919 791 1984 ad
807 1920 920 2005 Eurip.
933 1919 1051 1986 Aloest
1067 1924 1140 2004 768.

294 2040 342 2084 Io
367 2019 422 2084 Ab
445 2018 505 2084 hoc
529 2043 621 2084 versu
643 2019 798 2106 incipiunt
820 2020 941 2084 codices
962 2020 1067 2087 adhuc
1088 2021 1191 2088 collati
1213 2037 1245 2088 et
1268 2024 1345 2090 Ald.

249 2122 333 2185 Rob.
349 2122 454 2184 Turn.
470 2120 580 2208 Stepb.
623 2123 675 2184 De
689 2143 755 2207 quo
768 2119 907 2186 diximus
920 2120 962 2185 ad
976 2124 1093 2209 Agsm.
1111 2125 1204 2189 1160.

291 2223 323 2284 τί
333 2225 444 2304 χρῆμα]
461 2224 548 2287 Ante
563 2221 630 2286 baec
646 2221 740 2286 verbe
753 2221 868 2286 excidit
883 2223 927 2287 ἔα

294 2342 344 2407 13.
360 2323 489 2408 δόμοισι]
504 2324 604 2404 δόμοις
619 2323 703 2388 Rob.

290 2430 395 2505 πτῶμα
410 2426 514 2489 Τυτα.
531 2424 641 2512 Steph.
665 2426 746 2503 πόμα
761 2421 837 2486 Ald.
884 2424 1089 2490 Scribendum
1105 2431 1187 2507 πῆμα
1204 2449 1277 2493 oum
1294 2429 1346 2493 M.

249 2525 358 2591 Guelf.
374 2526 457 2591 Rob.

291 2631 471 2714 προσκυρεῖ]
497 2631 561 2693 Per
580 2633 770 2712 προσεγγίζει
790 2628 926 2715 explicat
946 2630 1138 2717 Hesychius,
1153 2630 1284 2696 fortusse
1306 2656 1346 2698 ex

248 2728 308 2793 hoc
322 2727 391 2815 ipso
404 2729 481 2793 loco.
503 2738 667 2812 προσκυνεῖ
679 2730 756 2794 Ald.
773 2731 876 2794 Turn.

295 2848 343 2909 14
360 2829 520 2896 ἐπεικάσας
533 2831 626 2915 nixo]
645 2832 674 2895 1.
689 2853 715 2895 e.
731 2831 905 2916 numsorle
917 2834 1095 2918 conjiciam,
1110 2845 1147 2897 ut
1160 2856 1210 2918 ap.
1226 2833 1346 2921 Eurip.

250 2927 384 3016 Hippol.
406 2930 478 2996 826.
501 2932 568 2994 τίνα
588 2934 684 3013 λόγον
705 2931 807 3005 τθλας,
831 2934 899 2995 τίνα
919 2935 1014 3014 τύχαν
1032 2933 1123 2999 σέθεν
1141 2935 1346 3016 βαρόποτμον,

249 3034 372 3111 τλῆμον,
388 3035 564 3111 προσαυδῶν
577 3034 676 3116 πίχιος
700 3033 990 3097 WELLAUER.

292 3131 467 3219 ἐπεικάσας]
493 3133 637 3220 Sophocl.
660 3134 780 3199 Electr.
800 3137 874 3219 663.
896 3135 915 3214 ἦ
937 3137 986 3200 καὶ
1008 3135 1142 3217 δάμαρτα
1162 3134 1241 3216 τήνδ’
1267 3137 1347 3202 ἒπει-

250 3232 343 3310 κόζοιν
357 3240 431 3316 κυρῶ
446 3235 544 3299 κείνου
557 3263 565 3309 ;
590 3237 764 3300 BLOMF.

295 3350 343 3420 15.
358 3337 549 3422 μειλίγματα]
563 3339 758 3420 μειλίγμασιν
772 3334 852 3399 libri.
882 3336 1095 3400 Emendatum
1110 3360 1130 3400 a
1145 3339 1344 3405 casaubono

248 3445 272 3478 ‘⁸
289 3439 376 3502 Pers.
392 3439 465 3501 610.
482 3440 572 3521 πατρὶ
589 3439 694 3505 παιδὸς
716 3439 847 3516 εὐμενεῖς
867 3441 942 3519 χοὰς
964 3436 1097 3519 φέρουσ’,
1114 3439 1190 3520 ὅπερ
1211 3448 1347 3522 νεκροῖσι

246 3539 438 3621 μειλικτήρια.
462 3539 598 3603 Eumen.
620 3554 672 3624 97.
695 3537 770 3621 χοάς
794 3537 819 3600 τ’
845 3540 972 3612 ἀοίνους,
998 3538 1131 3619 νηφάλια
1152 3542 1344 3621 μειλίγματα.

248 3639 374 3705 Bscidis
397 3638 559 3704 oraculum
581 3662 632 3727 ap.
658 3641 793 3703 Pnusnn.
818 3660 851 3724 9,
875 3654 922 3719 17.
951 3637 1039 3702 Ἀλλ’
1063 3641 1176 3703 ὁπόταν
1200 3644 1347 3724 Τιθορεὺς

246 3740 391 3823 Ἀμφίονί
409 3764 442 3803 τε
465 3738 551 3825 Ζήθῳ
571 3764 606 3806 τε
627 3741 731 3804 Χθτλα
751 3740 799 3803 καί
813 3738 958 3823 εὐχωλός,
973 3740 1153 3821 μειλίγματα
1165 3739 1191 3805 τ’
1208 3744 1242 3807 ἐν
1256 3748 1347 3827 χθονὶ

246 3839 349 3923 χεόμ.”
372 3840 547 3904 BLOMF.
889 3879 892 3882 ·

294 3959 342 4023 17.
358 3943 492 4023 στείχειν
506 3941 556 4005 Μ.
572 3940 656 4006 Rob.
673 3939 781 4028 Stepb.
816 3940 952 4004 Verbum
967 3962 1028 4005 om.
1046 3941 1153 4005 Guelf.
1169 3940 1247 4007 Ald.
1270 3946 1347 4026 ὁρᾶν

247 4065 287 4108 ex
301 4065 359 4107 sus
371 4042 550 4129 conjecturs
562 4041 685 4107 addidit
700 4043 804 4106 Tum.

289 4148 390 4229 λυγρῷ
402 4165 465 4208 om.
483 4143 564 4209 Rob.

293 4265 343 4332 19.
358 4244 525 4331 σύμμαχος]
541 4247 640 4310 Recte
654 4247 807 4328 ξύμμαχος
821 4245 991 4308 Porsonus.

290 4364 342 4414 20.
358 4348 490 4413 ἐκποδὼν
506 4347 670 4413 Stsnleius.
693 4349 826 4414 ἐκποδῶν
840 4345 889 4410 vel
904 4347 937 4411 lx
950 4350 1049 4410 ποδῶν
1062 4344 1145 4411 libri.

255 4510 263 4525 ,
290 4466 413 4536 αττ-31
423 4477 455 4509 =
459 4467 600 4536 32-41.
