2984 5054
251 344 316 407 582
611 340 991 404 ANNOTATIONES

252 509 346 572 bem!
370 531 426 594 per
447 529 497 571 me
519 506 647 593 quidem
667 507 747 571 lieet.
792 505 914 570 Eodem
938 528 1028 570 sensu
1045 527 1075 568 v.
1091 521 1161 586 117.
1181 502 1288 584 μύζοιτ’
1305 505 1354 568 ἀν.

295 733 349 797 95.
375 711 704 792 ἐγὼ-ἀπομιμουμένη
727 709 807 774 dixit
828 707 1058 773 constructione
1081 730 1142 772 non
1165 707 1261 772 verbo
1283 730 1357 794 pro·

252 811 339 875 ximo
353 814 522 877 ἐκλείπεται
536 811 778 889 accommodata,
790 810 875 898 quod
894 809 1228 890 ἐμοὶ-ἀπομιμουμένη
1243 825 1354 896 postu-

253 912 349 992 labat,
367 913 420 977 sed
436 914 593 977 remotiori
610 916 734 993 ἀλῶμαι.

297 1018 350 1099 96.
367 1018 421 1103 ῶς]
440 1016 645 1080 Scribendum
661 1019 703 1079 ῶν
717 1038 788 1078 cum
806 1015 998 1102 Tyrwhitto‚
1012 1030 1165 1079 commate
1184 1028 1255 1100 post
1271 1015 1357 1078 ἔκτα-

255 1143 309 1182 νον
326 1116 439 1181 deleto.
462 1120 504 1180 ὧν
525 1132 629 1181 autem
652 1116 692 1181 ad
716 1116 810 1180 solam
834 1118 968 1181 refertur
982 1116 1230 1202 Agamemnonis
1251 1138 1354 1202 perso

255 1241 345 1283 nam:
370 1220 425 1304 qui
442 1242 502 1284 non
518 1220 697 1306 infrequens
711 1235 758 1282 est
772 1219 902 1306 pluralis
916 1220 1038 1283 numeri
1054 1241 1138 1283 usus.

302 1342 373 1385 101.
388 1321 462 1403 δπίρ
477 1321 549 1408 μου]
565 1325 639 1403 ὑπὲρ
653 1328 709 1402 μοΰ
724 1321 803 1385 Ald.

303 1442 373 1488 102.
388 1426 501 1509 χερῶν]
518 1431 628 1508 χειρῶν
643 1423 752 1487 Guell'.
768 1423 845 1488 Ald.

303 1544 373 1609 103.
396 1527 451 1605 ὅρα
473 1527 504 1588 δὲ
527 1529 644 1607 πληγὰς
664 1527 765 1602 τάσδε,
788 1528 903 1607 καρδία,
924 1524 1017 1587 σέθευ
1038 1524 1207 1587 Ροτεοηιιε.
1242 1523 1297 1603 ὅρα
1322 1525 1359 1586 δὲ

254 1631 372 1709 πληγὰς
385 1627 477 1691 τάσδε
492 1630 610 1709 καρδίας
626 1629 745 1709 (καρδία
760 1628 809 1690 Μ.
826 1625 934 1690 Guelf.
952 1625 1050 1708 Rob.)
1065 1626 1156 1689 σέθεν
1171 1624 1276 1710 vulgo.
1299 1627 1357 1708 ὁρᾷ

255 1732 288 1792 δὲ
302 1732 420 1811 πληγδς
434 1729 525 1793 πάσδε
542 1731 645 1810 καρδία
659 1729 751 1793 σέθεν
766 1729 925 1792 Pauwius.
963 1726 1168 1791 Scribendum
1184 1749 1254 1790 cum
1273 1727 1359 1789 Her-

255 1852 370 1894 manno
384 1831 440 1910 ὅρα
455 1833 487 1895 δὲ
502 1834 619 1912 πληγδς
633 1830 724 1894 τάσδε
740 1832 860 1911 καρδίας
874 1832 955 1893 ὅθεν.

303 1952 374 2011 104.
392 1934 518 1995 εὕδουσα
533 1935 591 2014 γάρ
610 1930 705 2017 φρὴν]
723 1932 833 1996 Cicero
850 1931 890 1994 de
907 1930 1046 1995 Divinat.
1064 1951 1093 2007 1,
1108 1951 1160 2016 30.
1207 1931 1288 1994 Cum
1310 1939 1358 1993 eat

254 2054 360 2097 concno
373 2042 534 2097 revocatur
545 2054 566 2095 ο
579 2036 722 2097 socictate
736 2043 766 2097 ct
779 2035 965 2121 contagione
975 2033 1125 2119 corporis,
1138 2041 1205 2095 tum
1215 2033 1359 2119 meminit

249 2136 502 2223 preteritorum,
513 2137 686 2220 prasentia
700 2136 941 2219 καταψῶντα
954 2134 1112 2220 providet.
1158 2132 1248 2196 Idem
1265 2132 1360 2197 Plato

257 2237 329 2322 [sub
340 2236 475 2321 initium]
486 2235 538 2301 lib.
549 2258 580 2322 9.
589 2237 629 2300 de
641 2236 763 2323 republ.
772 2239 864 2323 cujus
874 2237 968 2301 verba
978 2237 1091 2301 Latine
1100 2236 1237 2301 reddidit
1246 2237 1359 2301 Cicero

256 2338 420 2424 ibid.c.29.
439 2339 616 2403 Ineandem
628 2340 810 2403 sententiam
820 2339 885 2404 abit
895 2339 1080 2404 Aristoteles
1087 2339 1140 2404 lib.
1150 2341 1228 2421 Περὶ
1235 2338 1355 2418 τῆςκαθ

255 2444 351 2506 θπνον
361 2447 500 2521 μαντικῆς
511 2465 537 2505 c.
550 2461 579 2508 2.
600 2443 700 2505 Recte
710 2441 817 2527 itaque
826 2441 1041 2528 Peripateticis
1052 2443 1111 2507 hoc
1122 2442 1237 2528 dogma
1248 2440 1358 2505 tn'buit

258 2543 414 2623 AElianus‚
430 2543 644 2629 rationemque
658 2544 699 2608 ab
713 2543 750 2606 iis
771 2544 915 2608 traditam
936 2544 1065 2608 adducit
1081 2547 1154 2609 Var.
1171 2543 1242 2608 bist.
1257 2563 1290 2627 3,
1307 2562 1357 2607 11.

258 2648 287 2709 ol
301 2647 532 2726 Περιπατητικοί
551 2653 628 2727 φασι
648 2643 711 2724 μεθ’
727 2645 839 2727 ἡμέραν
854 2648 1036 2724 θητεύουσαυ
1049 2647 1104 2727 τὴν
1117 2647 1222 2729 ψυχὴν
1236 2649 1275 2730 τῷ
1296 2645 1355 2706 σκί-

256 2770 327 2826 ματι
340 2746 583 2827 περιπλέκεσθαι,
601 2746 648 2809 καὶ
661 2746 701 2826 μὴ
719 2748 864 2810 δύνασθαι
887 2752 1019 2827 καθαρῶς
1039 2749 1094 2827 τὴν
1115 2748 1260 2827 ἀλήθειαν
1282 2751 1356 2810 θεα·

256 2854 332 2928 ρεῖυ.
355 2849 466 2928 νύκτωρ
480 2850 512 2912 δὲ
527 2852 720 2911 διαλυθεῖσαν
735 2851 784 2925 τῆς
797 2849 865 2928 περὶ
880 2854 966 2911 τοῦτο
986 2853 1181 2931 λειτουργίας,
1198 2849 1245 2913 καὶ
1265 2857 1356 2929 σφαι-

256 2953 405 3028 ριοθεῖσαυ
420 2951 453 3013 ἐν
467 2953 508 3034 τῷ
523 2950 590 3028 περὶ
604 2949 656 3012 τὸν
671 2951 789 3030 θώρακα
810 2951 899 3033 τόπῳ,
914 2951 1134 3031 μαντικοτέραυ
1152 2951 1306 3034 γίνεσθαι,
1324 2951 1356 3028 ἐξ

258 3050 300 3112 ῶν
313 3053 350 3113 τδ
365 3052 497 3114 ἐνύπνια.
542 3052 643 3113 Ροττο
658 3048 845 3137 AEscbylum
862 3051 942 3115 hanc
960 3053 1144 3117 sententiam
1166 3058 1217 3138 (ut
1239 3072 1271 3116 et
1292 3051 1358 3138 ple-

258 3172 371 3237 rasque
392 3150 481 3235 alias)
502 3151 620 3215 efonte
636 3151 828 3238 Pythagorae
850 3153 987 3217 hausisse
1008 3154 1114 3218 nullus
1137 3154 1259 3219 dubito.
1305 3153 1359 3218 Cf.

259 3252 429 3317 Jambliob.
445 3253 477 3317 in
494 3254 561 3340 ejus
577 3253 640 3317 vita
655 3276 684 3317 c.
700 3273 750 3337 15.
774 3255 942 3319 STANL.

301 3356 444 3442 ὄμμασιν]
460 3359 574 3436 ὄμμασι
588 3356 638 3418 Μ.
654 3354 764 3420 Guelf.
780 3354 858 3420 Ald.
876 3358 958 3421 Rob.
976 3359 1081 3422 Turn.

305 3472 378 3542 105.
398 3463 487 3538 μοῖρα
500 3458 672 3539 πρόσκοπος
687 3458 737 3520 Μ.
753 3457 831 3521 Ald.
845 3464 935 3540 μοῖρα
948 3462 1136 3540 πρόσκοππος
1150 3458 1233 3523 Rob.
1280 3458 1361 3522 Scri-

258 3558 398 3622 bendum
414 3558 490 3640 μοῖρ’
506 3561 695 3640 ἀπρόσκοπος
709 3581 781 3623 cum
805 3561 909 3624 Turn.
934 3561 1043 3649 Steph.
1064 3562 1150 3648 quod
1172 3562 1249 3648 legit
1270 3561 1360 3625 scho-

259 3659 360 3739 liasta,
375 3662 393 3741 ἡ
408 3666 459 3739 τῆς
474 3662 584 3743 φρενὸς
598 3667 686 3743 μοῖρα
702 3663 736 3725 οὗ
750 3666 863 3746 προορᾷ
878 3665 912 3726 ἐν
925 3662 1030 3748 ἡμέρα.

302 3761 432 3846 βροτῶν]
450 3764 598 3846 Ineptum
615 3777 662 3827 est
683 3769 810 3844 βροτῶν,
826 3786 926 3848 quum
948 3786 1011 3827 non
1033 3763 1074 3827 de
1095 3764 1288 3838 mortalibus,
1305 3763 1359 3825 sed

260 3861 300 3925 de
321 3861 441 3925 deabus
462 3877 584 3949 agatur.
631 3865 731 3929 Recte
751 3867 955 3928 Hermannus
976 3871 1104 3946 φρενῶν,
1120 3863 1216 3951 idque
1230 3862 1361 3925 fortasse

260 3958 336 4045 legit
351 3958 524 4039 scholiasta,
540 3963 631 4049 cujus
644 3962 739 4026 verba
753 3962 848 4025 modo
860 3961 1075 4049 apposuimus.

308 4062 376 4124 106.
400 4061 418 4139 ἦ
437 4066 539 4127 πολλὰ
560 4063 628 4149 μὲν]
652 4062 807 4127 Sacrificio
827 4086 900 4148 quae
923 4063 1171 4149 Clytaemnestrae
1194 4063 1305 4126 umbra
1328 4088 1360 4128 se

261 4162 368 4225 Furiis
388 4162 537 4227 obtulisse
559 4178 717 4239 memorat,
740 4161 827 4225 haud
848 4162 908 4226 alia
933 4162 1134 4250 intelligenda
1157 4180 1241 4243 sunt,
1263 4189 1359 4251 quarn

260 4287 333 4349 quae
362 4281 432 4350 post
456 4264 557 4328 mariti
582 4263 699 4327 cadem
723 4262 764 4326 ad
786 4265 985 4330 avertendam
1013 4267 1183 4330 Furiarum
1209 4267 1360 4332 ultionem

260 4367 386 4431 fecorat.
412 4367 511 4429 SCH.

306 4484 375 4550 107.
391 4465 465 4550 χοάς
478 4464 501 4529 τ’
518 4465 645 4549 ἀοίνους]
663 4465 810 4553 Sophocl.
827 4467 969 4558 OEdipue
984 4471 1055 4536 col.
1072 4495 1101 4536 v.
1115 4492 1205 4537 100.:
