2984 5054
261 332 328 396 580
623 330 1001 395 ANNO'I'A'I'IONES

306 500 360 564 66.
375 498 445 564 ἕθεν
459 500 628 563 Porsonus.
651 498 684 563 ἔα
699 501 734 564 ἑν
747 498 829 573 libri.
847 501 898 563 M.
912 522 932 563 a
944 511 1126 564 correctore.

305 601 357 686 69.
372 599 439 684 τὸς]
454 605 494 664 τῶ
510 598 618 664 Guelf.
640 601 681 664 rh
695 599 772 664 Ald.
795 606 851 669 τως
866 602 983 679 Turn,
999 599 1112 664 omisso
1126 599 1184 663 καὶ.

304 703 481 784 φιλόδυρτος
496 700 664 766 Heathius.
686 703 875 784 φιλοδόρτοις
889 702 970 767 libri.

302 803 458 870 Ἰαονίοισι
478 803 608 888 νόμοισι]
631 805 704 869 Ηοα
718 825 780 868 non
795 818 840 868 est
862 803 904 868 de
925 827 963 869 ea
983 802 1148 869 modorum
1168 801 1362 866 musicorum

259 905 379 972 ratione
405 904 634 993 accipiendum,
658 929 723 992 qua
747 906 918 994 Phrygius,
943 905 1079 993 Lydius,
1104 905 1215 969 Ionius
1243 902 1363 990 aliique

259 1006 345 1071 modi
370 1021 515 1072 tonorum
539 1005 709 1071 intervallis
733 1006 1015 1094 distinguebantur.
1061 1004 1124 1070 Sed
1147 1003 1188 1068 de
1213 1003 1363 1068 universo

258 1107 448 1173 canticorum
471 1108 649 1174 charactere
667 1132 726 1196 pro
744 1108 870 1196 ingenio
885 1107 1048 1174 nationum
1070 1106 1193 1172 diverso
1216 1120 1253 1170 ut
1271 1104 1362 1192 apud

260 1210 394 1276 Lucian.
410 1210 442 1274 in
459 1210 657 1276 Harmonide
678 1210 821 1298 Phrygio
835 1210 929 1276 modo
943 1210 1093 1275 tribuitur
1110 1209 1144 1273 τὸ
1159 1208 1275 1283 ἔνθεον,
1290 1207 1361 1293 Ly-

259 1310 313 1378 dio
333 1313 368 1376 τδ
390 1313 549 1396 βακχικδν,
568 1311 670 1379 ])οτίο
691 1314 726 1377 τδ
751 1313 873 1393 σεμνὸν,
897 1312 989 1377 Ionio
1009 1313 1044 1376 τὸ
1061 1311 1230 1394 γλαφυρόν.
1254 1311 1358 1374 SCH.

260 1416 400 1480 ίανοίοισι
425 1413 502 1478 Ald.
525 1413 610 1478 unde
635 1415 842 1496 φιλοδόρτοισι
870 1417 982 1481 αίνοΐσι
1007 1414 1110 1477 Turn.
1149 1410 1358 1476 Scribendurn

259 1517 435 1597 ἀηδονίοισι,
457 1537 554 1603 quam
579 1515 800 1601 conjecturam,
824 1516 866 1582 ab
892 1514 1031 1582 Stauleio
1055 1535 1182 1601 quoque
1207 1534 1358 1576 memora·

259 1631 335 1698 tam,
352 1617 561 1706 spanhemius
581 1617 624 1683 nd
644 1617 808 1707 Aristoph.
826 1620 915 1684 Rau.
926 1620 1001 1704 695.
1017 1631 1053 1683 ut
1066 1616 1142 1682 alias
1163 1616 1360 1701 conjecturas

258 1719 365 1806 plures
385 1719 545 1785 codicibus
566 1718 767 1805 quibusdam,
787 1720 843 1807 qni
868 1719 947 1785 nulli
971 1721 1113 1797 fuerunt,
1137 1717 1257 1782 tribuit.
1302 1718 1357 1781 Ex

258 1821 398 1908 margine
411 1820 484 1885 libri
498 1820 640 1885 Vcssiaoi
655 1833 812 1908 sumptam
826 1845 893 1888 esse
910 1836 1042 1887 testatur
1058 1819 1231 1906 Burgesius
1252 1840 1285 1904 p.
1300 1834 1357 1902 50.

259 1922 349 1987 Idem
364 1922 556 2009 comparavit
576 1922 689 2008 fragm.
703 1941 778 2002 412.
794 1927 849 2009 (ex
872 1923 1008 1989 Behlreri
1021 1921 1146 1988 Anecd.
1165 1944 1199 2008 p.
1213 1939 1289 2007 349,
1306 1919 1357 2002 6.)

257 2029 361 2106 θρηνεῖ
372 2026 405 2087 δὲ
419 2022 494 2106 γόον
507 2023 562 2088 τόν
575 2021 723 2103 ἀηδόνιον.

301 2143 353 2209 70.
375 2123 558 2210 Νειλοθερῆ]
574 2125 661 2191 Solis
674 2125 789 2191 ardore
801 2127 962 2213 AEgyptic
976 2135 1088 2192 ostam
1108 2125 1182 2190 olim
1205 2124 1359 2210 iuterpre-

257 2239 398 2291 tatusest
409 2226 559 2306 Bothius,
569 2225 624 2313 qui
634 2229 835 2314 postmodum
847 2227 927 2292 male
934 2228 1067 2316 conjecit
1081 2231 1227 2309 εἱλοθερῆ.
1250 2225 1358 2290 Aliter

257 2330 430 2410 scholiasta,
445 2330 500 2410 rhu
515 2332 550 2395 ἐν
562 2331 603 2416 τῷ
618 2332 721 2414 Νείλῳ
739 2331 970 2412 θερισθεΐσαν,ό
991 2332 1057 2394 ἐστι
1077 2327 1301 2410 βλαστήσασαν
1322 2330 1357 2392 ἐν

256 2435 407 2519 Αίγόττῳ.
429 2433 488 2498 ἀπὸ
502 2432 785 2515 τῶνσταχόωνδὲι]
794 2431 961 2515 μεταφορό.
983 2432 1358 2510 ΝειλοθαλῆΡεατεοουε.

300 2553 354 2620 71.
378 2536 512 2620 καρδίαν]
538 2536 681 2600 Metrum
703 2536 842 2621 postulat
857 2534 974 2617 κόρζαν,
990 2533 1031 2599 de
1044 2556 1110 2620 qua
1122 2533 1224 2597 forma
1236 2530 1302 2596 dixi
1323 2531 1357 2596 in

257 2639 424 2703 Thesauro
439 2637 590 2725 Stephani
605 2637 667 2701 vol.
684 2656 714 2704 2.
726 2658 760 2722 p.
774 2639 856 2700 1106
870 2637 915 2699 D.

300 2757 352 2826 73.
375 2741 486 2822 γόεδνα
512 2738 535 2803 δ’
562 2737 765 2822 ἀνθεμίζομαι]
787 2736 932 2824 Choeph.
959 2738 1031 2819 148.
1057 2738 1132 2818 ὑμᾶς
1160 2739 1194 2801 δὲ
1217 2743 1356 2806 κωκυτοῖς

256 2841 425 2918 ἐπανθίζειν
439 2841 536 2917 νόμας.
562 2841 686 2903 STAN
690 2841 730 2903 L.

298 2957 351 3023 74.
368 2941 490 3024 φίλους]
508 2939 645 3026 AEgypti
659 2939 749 3004 filios.

298 3059 349 3130 75.
360 3044 460 3125 ἀερίας
470 3042 530 3107 ἀπὸ
539 3043 606 3128 γᾶς]
618 3042 798 3129 AEgyptum
807 3042 896 3108 dicit:
913 3066 944 3108 v.
955 3044 1065 3131 steph.
1074 3046 1155 3133 Bya.
1164 3067 1188 3108 s.
1199 3067 1230 3108 v.
1239 3042 1355 3126 Ἀερία.

299 3160 351 3229 77.
366 3145 430 3209 θεοὶ
444 3143 603 3211 Pauwius.
627 3146 692 3210 θεοὶ
705 3149 735 3211 cl
749 3145 832 3211 libri.

299 3248 351 3330 78.
365 3244 385 3326 ἢ
399 3246 460 3331 καὶ]
475 3244 562 3326 ἢβαὶ
577 3247 627 3310 Μ.
643 3248 717 3311 Ρατ.
739 3246 835 3327 honr.
853 3247 960 3313 Guelt'.
984 3249 1066 3328 ἥβαν
1081 3246 1276 3313 Schuetzius

296 3348 415 3433 τέλεον]
439 3347 573 3412 Plenum
592 3349 657 3433 jus,
676 3348 763 3435 quod
784 3349 944 3416 obtinente
964 3350 1060 3416 choro
1079 3373 1184 3414 severe
1201 3348 1354 3438 puniendi

109 3523 115 3541 .
253 3449 372 3515 fuerint
385 3449 523 3537 AEgypti
537 3449 604 3514 filii.
645 3449 686 3514 Id
701 3451 821 3517 etiamsi
836 3450 909 3516 fatis
923 3451 1120 3517 obstantibus
1141 3452 1228 3516 haud
1241 3475 1353 3517 conee-

253 3550 332 3615 dsnt
355 3549 411 3630 dii,
437 3549 492 3614 sed
517 3564 640 3615 tanturn
665 3574 737 3616 vere
759 3552 894 3631 oderint,
911 3553 943 3616 h.
963 3576 992 3617 e.
1018 3553 1099 3618 serio
1122 3552 1353 3639 prohibuerint,

253 3653 319 3718 vim
340 3677 377 3718 ac
397 3652 618 3719 contumeliam
632 3653 774 3732 istorum,
790 3668 893 3719 tamen
909 3654 958 3719 vel
979 3654 1022 3720 sic
1038 3655 1143 3742 justos
1161 3677 1215 3718 eos
1227 3654 1354 3720 futuros

254 3778 320 3821 esse
343 3755 460 3843 illoque
487 3779 519 3820 se
544 3777 603 3842 pro
626 3754 778 3820 modestia
807 3778 864 3820 sna
886 3770 1068 3822 contentum
1096 3757 1165 3821 fore
1188 3756 1352 3844 significat.

255 3859 398 3923 BOTH.
441 3859 520 3922 Post
533 3857 626 3922 αἶσαν
637 3880 759 3922 comma
772 3869 919 3944 ponatur.

298 3961 352 4024 80.
365 3960 476 4039 ἐτύμως
489 3948 663 4024 Arnaldus.
687 3961 810 4039 ἑτοίμως
824 3957 905 4024 libri.

298 4062 489 4145 στυγοῦντες]
506 4062 668 4143 οττίγοντες
683 4061 733 4125 Μ.
750 4059 859 4125 Guell'.
875 4059 947 4124 Ald.
963 4059 1046 4124 Rob.

298 4163 350 4228 82.
373 4163 427 4227 κάκ
448 4161 595 4246 πολέμου]
618 4163 673 4226 κάκ
693 4160 843 4240 πτολέμου
863 4159 970 4248 vulgo.
1001 4160 1225 4242 κακαττολόμου
1240 4158 1350 4225 Guelf.

253 4264 334 4331 Ald.
351 4265 456 4330 Turn.

297 4369 349 4455 83.
366 4365 462 4450 Ἄρης
483 4363 630 4450 μιγάσιν]
653 4362 835 4443 Scholiasta,
851 4366 899 4430 καὶ
914 4371 976 4434 τοῖς
988 4365 1047 4432 {mh
1062 4364 1197 4445 πολέμου
1217 4363 1351 4448 τειρομί-
1385 4448 1388 4452 ¹

253 4496 316 4543 νοις
329 4471 379 4536 καὶ
391 4467 601 4553 τετραμμένοις
615 4469 659 4536 είς
672 4467 772 4552 φυγὴν
786 4469 934 4550 δαιμόνων
949 4468 1057 4550 σέβας,
1070 4471 1150 4551 ῥῦμα
1163 4470 1215 4550 τῆς
1227 4466 1353 4549 βλάβης
