2984 5054
491 362 559 425 AD
582 360 986 431 AGAMEMNONEM.
1225 360 1288 427 365

231 533 307 609 408.
323 534 426 595 πολλὰ
441 530 599 596 Pauwius.
623 531 703 594 πολὺ
717 528 798 594 libri.

232 633 372 718 ἔστενον]
391 634 554 698 δνέστενον
570 631 620 697 Fi.

231 754 305 819 409.
320 733 398 823 τόδ’]
411 733 474 799 τόδ’
490 733 652 799 Butlerus.

229 837 391 922 προφῆται]
408 838 502 900 Vates
516 836 548 899 hi
572 851 645 901 sunt
659 851 745 901 vates
760 836 912 923 Trojani:
937 837 1007 901 dein
1023 837 1166 924 sequitur
1179 837 1286 902 vatici·

189 938 288 1016 nium,
311 939 398 1025 quod
422 937 546 1003 Helena
559 938 756 1017 adveniente,
780 937 957 1018 ediderunt,
978 962 1078 1026 usque
1100 939 1140 1004 ad
1162 963 1190 1002 v.
1208 942 1287 1021 426.

191 1040 370 1104 MUSGR.

231 1160 307 1223 410.
323 1143 357 1206 ίῶ
373 1143 406 1206 ld>
421 1147 503 1222 δῶμα
518 1142 611 1227 δῶμα]
628 1143 661 1207 ld)
676 1147 758 1222 δῶμα
772 1140 822 1206 Fl.

232 1262 308 1324 412.
321 1262 397 1328 413.
413 1245 529 1308 Versus
543 1245 680 1331 graviter
694 1243 843 1331 corrupti.

231 1363 306 1427 412.
322 1345 438 1431 σιγᾶσ’]
456 1351 544 1429 σιγᾶς
559 1348 602 1410 Τ.

232 1467 308 1530 414.
324 1447 535 1533 ὑπερποντίας]
555 1448 689 1514 Helenae
704 1470 777 1534 quae
791 1447 907 1512 fretum
924 1448 1098 1536 trajecerat.
1129 1451 1181 1516 Sic
1200 1455 1287 1541 Epa-

191 1550 274 1638 phus
288 1550 404 1616 dicitur
414 1549 516 1633 πόρτις
529 1549 733 1634 ὑπερπόντιος,
750 1549 824 1636 quia
836 1565 921 1614 trans
934 1573 1018 1615 mare
1032 1551 1065 1618 iu
1076 1550 1220 1640 AEgypto
1229 1572 1287 1633 est,

192 1652 305 1740 Suppl.
325 1672 380 1735 42.
418 1654 468 1717 De
491 1653 584 1718 rebus
611 1676 684 1718 vero
710 1652 839 1739 ponitur
861 1650 1028 1721 διαπόντιος
1050 1655 1160 1719 eodem
1186 1677 1287 1720 seusu.

191 1755 335 1843 Choeph.
350 1772 427 1840 350.
443 1758 612 1821 διαποντίου
626 1760 690 1838 γᾶς.
713 1753 864 1841 Thucyd.
883 1774 911 1832 1,
927 1775 998 1836 141.
1013 1756 1153 1836 πολέμων
1167 1761 1289 1822 διαπον-

190 1859 270 1921 τίων.
292 1857 467 1922 BLOMF.
503 1858 701 1939 ὑπερποντίας
716 1857 759 1919 Τ.
781 1857 855 1937 ὑπὲρ
869 1857 992 1924 ποντίας
1008 1857 1115 1944 Steph.

233 1962 309 2039 416.
324 1961 358 2023 δὲ
373 1958 423 2022 Fl.
441 1960 485 2022 T.
508 1962 567 2040 γὰρ
583 1957 693 2044 Steph.

235 2060 408 2147 κολοσσῶν]
433 2060 575 2146 Hesych.
603 2061 766 2124 Κολοσσοί.
790 2057 950 2141 ἀγάλματα
970 2061 1165 2144 ὑπερμεγέθη.
1189 2065 1287 2145 ἀνδρί-

192 2187 286 2230 αντες.
325 2163 377 2227 Sic
398 2163 463 2227 fere
484 2163 695 2249 Etymologus
716 2186 748 2249 p.
764 2163 904 2248 525,16.
926 2161 981 2247 qui
1003 2161 1138 2227 facetum
1155 2165 1289 2229 veriver-

192 2261 278 2327 bium
293 2264 469 2339 subnectit;
493 2268 574 2347 παρὰ
588 2264 623 2328 τδ
639 2266 827 2329 solatietur&
841 2265 922 2327 ὅσσα
934 2267 983 2328 διὰ
996 2264 1030 2327 τὸ
1045 2266 1180 2347 μέγεθος,
1198 2269 1236 2335 ῶς
1248 2268 1290 2348 μὴ

193 2365 414 2447 δφικνονμένον
428 2372 487 2432 τῶν
502 2370 668 2449 ὀφθαλμῶν
683 2369 766 2448 ὀρῶν.
790 2368 864 2430 Ηοο
878 2380 982 2430 autem
996 2367 1192 2446 vocabulum,
1205 2370 1290 2433 Ioni·

192 2489 275 2543 cum,
292 2481 328 2531 ut
342 2468 465 2556 opinor,
481 2469 537 2534 etsi
552 2468 796 2533 vetustissimum
818 2482 875 2542 est,
893 2466 946 2531 vix
968 2467 1042 2531 alibi
1063 2468 1149 2556 apud
1165 2471 1290 2536 Atticos

192 2570 334 2635 oocurrit.
359 2571 520 2636 Theocrit.
537 2589 589 2648 αν,
604 2589 658 2653 47.
674 2569 865 2652 σφυρήλατος
879 2569 928 2632 οἶα
942 2567 1101 2638 κολοσσός.
1133 2572 1288 2638 Herodot.

193 2691 222 2750 2,
246 2691 317 2758 130.
340 2670 452 2741 εἰκόνες
472 2679 532 2737 τῶν
554 2671 735 2738 παλλακίσιν
759 2678 819 2737 τῶν
840 2673 1009 2754 Μυκερίνου
1027 2674 1290 2754 ἑστῶσι-ξύλινοι

193 2776 348 2839 κολοσσοί.
374 2774 415 2839 cf.
437 2774 514 2839 ibid.
533 2794 604 2859 143.
624 2794 694 2861 153.
717 2775 862 2839 κολοσσοὶ
884 2773 1117 2858 δοιδεκαπήχεες.
1144 2793 1216 2862 175.
1239 2804 1289 2842 κο·

192 2878 325 2945 λοσσοὺς
338 2877 496 2960 μεγάλους.
511 2891 544 2941 et
557 2900 631 2942 mox
646 2878 716 2960 176.
746 2880 798 2941 De
813 2877 965 2942 sententia
979 2876 1047 2941 haec
1062 2890 1149 2941 notat
1161 2878 1289 2944 Sohutz.

194 2979 433 3044 “Probabiliter
454 2994 547 3066 poeta
565 2979 657 3065 lingit
673 2977 854 3043 Menelaum
878 2990 997 3043 statuas
1019 2979 1163 3044 habuisse
1186 2981 1291 3045 uxoris

192 3080 437 3156 formosissimae3
462 3080 578 3167 quibus
592 3080 643 3145 ille
657 3081 784 3167 quidem
795 3080 1009 3145 delectabatur
1019 3081 1171 3167 quamdiu
1184 3083 1289 3148 vivum

193 3206 298 3248 earum
315 3184 477 3271 exemplar
498 3183 696 3270 possidebat;
716 3183 782 3270 jam
798 3205 881 3261 vero,
896 3182 950 3247 illo
970 3182 1027 3247 sibi
1047 3199 1167 3270 erepto,
1183 3207 1290 3248 earum

195 3299 386 3350 venustatem
402 3284 609 3350 fastidiebat.''
631 3285 808 3349 BLOMF.

234 3404 310 3469 417.
327 3386 411 3467 ἀνδρὶ
426 3385 477 3450 Fl.
498 3387 601 3468 τάνδρὶ
615 3388 658 3451 Τ.
676 3386 783 3474 Steph.

235 3508 310 3571 419.
326 3487 481 3574 ὀμμάτων]
498 3487 650 3566 Menelai,
664 3490 797 3553 Helenae
811 3487 961 3571 adspectu
976 3486 1118 3550 carentis.

235 3586 413 3672 Ἀφροδίτα]
429 3588 592 3672 Ἀφροδίτη
607 3589 659 3654 Fl.

235 3708 308 3770 420.
332 3691 725 3774 ὀνειρόφαντοι-ματαίαν]
753 3692 796 3753 In
818 3689 950 3753 amnniis
976 3697 1081 3750 autem
1103 3701 1293 3776 apparenter

196 3791 373 3876 (Menelao)
403 3794 510 3858 tristes
533 3795 694 3882 imagines
724 3813 840 3856 vanum
869 3792 898 3852 ai
926 3790 1114 3876 voluptatem
1143 3794 1292 3878 efferunt.

196 3896 286 3982 Saepe
299 3908 395 3959 noctu
411 3892 475 3959 scil.
491 3896 634 3974 somniat,
651 3918 684 3959 se
699 3893 853 3958 Helenam
871 3891 1043 3976 complecti.
1079 3893 1143 3957 Hae
1158 3895 1293 3960 somnio-

193 4018 262 4059 rum
292 3995 444 4082 imagines
473 3995 623 4060 dicuntur
651 3995 846 4075 πενθήμονες,
875 4008 1041 4080 propterea
1069 3994 1156 4080 quod
1184 3994 1293 4062 falsam

193 4120 299 4163 earum
324 4096 464 4162 laetitiam
489 4099 589 4184 major
613 4096 737 4161 tristitia
761 4095 856 4160 animi
881 4109 1100 4180 consequatur,
1126 4113 1293 4184 postquam

194 4222 244 4263 eas
257 4199 400 4287 dispulso
414 4221 522 4263 somno
537 4198 629 4262 falsas
643 4221 708 4261 esse
722 4197 917 4262 intellexerit.
942 4198 1041 4262 SCH.

236 4320 311 4382 421.
340 4301 424 4364 δόκαι
452 4298 604 4385 aptiorem
631 4314 731 4362 metro
756 4299 888 4362 formam
918 4298 1053 4363 restituit
1079 4301 1293 4369 Hermauuus.

196 4401 380 4488 Legebatur
395 4399 490 4479 δόξαι.
527 4399 733 4464 Scribeudum
749 4415 853 4464 autem
869 4401 1152 4487 bonoloxytonum.
1178 4404 1294 4470 Arcad.

196 4525 227 4589 p.
248 4503 320 4582 106,
338 4519 391 4570 21.
413 4505 451 4566 τὰ
470 4505 512 4570 είς
532 4528 568 4582 κη
589 4504 713 4584 leptim&
727 4501 942 4577 ἆσννόλειπτα,
959 4504 986 4567 εί
998 4504 1055 4582 μὶν
1068 4504 1109 4587 τῷ
1124 4529 1147 4566 u
1161 4504 1295 4585 πορσλή·
