2984 5054
254 336 320 404 592
614 340 994 404 ANNOTATIONES

219 528 221 532 ’
298 517 372 587 254.
388 503 467 573 αἶαν,
482 502 528 587 ἧς]
545 507 646 583 albans
662 506 710 568 Μ.
729 506 800 568 Par.
818 504 926 569 Guelf.
942 503 1019 567 Ald.
1036 504 1121 568 Rob.

200 648 204 659 ·
296 602 336 668 δί’
347 601 464 685 Ἀλγος
479 605 582 667 Τυτα.
600 604 708 691 Steph.
741 605 777 669 δι’
791 607 885 687 ἄλγος
908 607 982 669 Par.
999 606 1105 670 Guelf.
1123 605 1200 669 Ald.
1232 606 1361 689 διόλγος

254 706 305 769 Μ.
322 704 406 768 Rob.
441 707 628 792 Suspectum
645 728 757 769 nomen
773 705 860 768 fluvii
876 705 1003 769 aliunde
1017 728 1078 770 non
1092 707 1219 793 cogniti.

299 821 370 891 255.
394 808 535 886 Στρυμών
550 809 597 891 τε]
616 807 786 894 Perspicue
802 807 861 871 hoc
875 824 907 871 et
923 807 1024 871 tribus
1038 808 1179 872 versibus
1194 810 1358 893 sequenti·

253 905 314 970 bns
336 922 431 970 totam
449 907 666 972 Macedoniam
690 925 722 973 et
738 909 926 972 Thessaliam
948 908 1105 987 describit,
1121 911 1213 995 cujus
1234 911 1358 997 imperii

253 1008 325 1071 finis
342 1013 382 1074 ab
399 1031 461 1072 una
475 1025 564 1095 parte
578 1027 623 1072 est
640 1008 756 1072 fluvius
779 1011 938 1095 Strymon,
954 1010 995 1073 ab
1011 1011 1108 1075 altera
1125 1011 1248 1075 Pindus
1266 1035 1359 1076 mons

254 1125 323 1189 etc,
339 1135 358 1175 a
374 1111 500 1198 reliquis
514 1110 638 1175 duabus
654 1133 749 1174 mare.
787 1110 912 1175 Deinde
926 1111 1026 1189 addit,

555 1219 647 1278 τῶνδε
662 1214 732 1277 τᾶπὶ
746 1214 816 1277 τάδε
828 1220 934 1295 κρατῶ,

253 1338 327 1403 quae
342 1315 437 1380 verba
450 1316 481 1379 in
497 1315 611 1380 mendo
625 1315 752 1379 cubant.
790 1315 978 1401 Legendum

556 1422 648 1482 τῶνδε
663 1418 734 1481 κάπὶ
748 1417 818 1480 τάδε
833 1423 936 1497 κρατῶ.

257 1520 297 1584 Id
312 1533 370 1599 est,
386 1536 499 1607 praeter
516 1521 583 1606 jam
598 1536 780 1596 memorata,
798 1520 896 1606 hujus
917 1518 1008 1584 etiam
1032 1519 1167 1606 regionis
1188 1519 1356 1606 imperium

255 1623 391 1687 obtineo.
430 1622 668 1709 Amplissimum
694 1635 777 1686 certe
806 1622 900 1685 fuisse
928 1621 1130 1706 Pelasgorum
1157 1645 1289 1708 regnum
1315 1647 1356 1686 ex

257 1725 410 1789 Strabone
423 1740 455 1810 5.
472 1748 502 1811 p.
520 1743 593 1791 220.
609 1723 806 1787 manifestum
824 1737 888 1787 est:
913 1725 981 1790 τοὺς
995 1726 1028 1786 δὲ
1043 1724 1225 1806 Πελασγοὺς
1239 1726 1357 1805 ὅτιμὲν

257 1829 383 1910 ἀρχαῖόν
404 1851 432 1890 τι
454 1831 554 1908 φῦλον
577 1828 651 1890 κατὰ
672 1826 726 1904 τὴν
747 1824 884 1889 Ἑλλάδα
906 1829 1009 1889 πᾶσαν
1030 1826 1213 1903 ἐπεπόλασε,
1234 1826 1282 1889 καὶ
1300 1824 1358 1906 μά

256 1932 347 1992 λιστὰ
368 1930 448 2009 παρὰ
462 1929 605 1990 Αἰολεῦσι
626 1932 687 1994 τοῖς
709 1930 783 1990 κατὰ
799 1929 990 2005 Θεσσαλίαν,
1007 1930 1207 2009 ὁμολογοῦσιν
1225 1925 1358 1994 ἅπαντες

257 2030 369 2112 σχεδόν
391 2054 427 2091 τι.
472 2029 518 2091 Et
540 2027 788 2105 Herodot.1,1.
811 2028 845 2091 τδ
867 2026 1022 2110 δὲἈργος
1044 2033 1148 2092 τοῦτον
1169 2030 1223 2092 τὸν
1244 2030 1357 2112 χρόνον

256 2137 398 2213 προεῖχεν
415 2126 512 2192 ἅπασι
533 2133 592 2192 τῶν
615 2131 648 2192 ἐν
670 2132 705 2215 τῇ
728 2134 781 2193 νῦν
795 2128 923 2193 Ἐλλάδι
946 2130 1110 2209 καλεομένῃ
1131 2131 1225 2215 χώρῃ.
1271 2128 1357 2206 Quin

257 2245 295 2296 ut
309 2230 420 2295 melius
434 2229 590 2294 Herodoti
606 2246 739 2294 mentem
757 2231 927 2318 capiamus,
942 2229 1178 2316 intelligendum
1194 2244 1252 2308 est,
1267 2231 1356 2316 quod

255 2331 371 2400 Ἑλλὰς
391 2332 466 2396 olim
489 2347 609 2396 tantum
632 2331 787 2397 civitatem
811 2331 982 2396 Thessaliae
1004 2331 1208 2418 significabat,
1225 2333 1284 2397 ἀπὸ
1302 2337 1358 2396 τοῦ

251 2432 407 2514 Ἕλληνος
428 2433 629 2498 Deucalionis
649 2434 714 2499 filii.
754 2436 856 2521 Cujus
879 2435 922 2499 rei
945 2449 1038 2498 testes
1059 2449 1133 2500 sunt
1149 2433 1358 2520 Thucydides

260 2557 289 2614 1,
304 2556 335 2621 3.
360 2536 538 2623 Stephanus
559 2538 627 2618 περὶ
648 2535 778 2614 πολέων,
803 2552 835 2601 et
858 2536 1046 2600 Eustathius
1067 2559 1099 2623 p.
1114 2557 1190 2620 321,
1207 2539 1237 2600 6.
1261 2551 1356 2618 1077.

259 2657 312 2716 21,
327 2637 383 2723 qui
406 2637 524 2724 ubique
545 2638 631 2724 apud
651 2640 827 2702 Homerum
850 2637 988 2702 Ἐλλάδα
1010 2641 1058 2704 καὶ
1074 2635 1231 2718 Ἕλληνας
1253 2638 1357 2702 Thes-

259 2739 342 2803 saliae
357 2753 479 2803 tantum
495 2739 649 2803 civitatem
665 2753 697 2802 et
712 2738 880 2803 Thessalos
893 2739 1006 2804 reddit.
1046 2742 1126 2804 Mox
1142 2763 1217 2804 vero
1231 2763 1356 2804 omnem

257 2841 346 2905 illum
371 2856 461 2905 terrae
486 2855 619 2904 tractum
642 2840 698 2926 qui
721 2855 768 2904 est
790 2863 810 2903 a
835 2840 932 2904 Sunio
955 2842 1168 2928 promontorio
1195 2844 1357 2928 usquead

259 2942 468 3006 Acarnaniam
485 2957 516 3005 et
531 2941 728 3005 Athamanas
741 2963 781 3005 ex
800 2941 969 3022 occidente,
983 2958 1015 3008 et
1027 2943 1223 3008 Thessaliam
1244 2967 1264 3006 a
1285 2967 1356 3029 sep-

259 3044 423 3122 tentrione,
439 3067 539 3130 usque
560 3044 601 3107 ad
617 3043 803 3107 -Melianum
827 3044 947 3108 sinum:
971 3059 1067 3130 atque
1088 3045 1157 3110 haec
1176 3061 1223 3110 est
1241 3044 1358 3113 Ἐλλδς

260 3146 437 3220 Ptolomaei,
453 3146 538 3232 apud
554 3168 647 3231 quem
661 3145 837 3224 Thessalia,
853 3168 925 3231 qnae
946 3147 1080 3233 primum
1094 3147 1227 3212 Groeoiae
1242 3169 1356 3212 nomen

257 3248 408 3317 Ἑλλάδος
429 3247 527 3328 dedit,
546 3270 565 3311 a
587 3247 719 3310 nominis
741 3247 975 3333 participatione
997 3247 1186 3314 excluditur.
1231 3248 1359 3313 Deinde

259 3349 362 3428 latius,
377 3349 509 3414 eundem
528 3364 618 3413 terrae
635 3363 781 3425 tractum,
795 3346 922 3412 inclusis
936 3348 1028 3413 etiam
1041 3349 1204 3414 Thessalia
1218 3365 1250 3414 et
1265 3352 1358 3415 Pelo·

258 3475 405 3538 ponneso‚
421 3451 591 3536 insulisque
606 3449 748 3536 plurimis
762 3449 794 3512 iu
810 3449 887 3514 mari
903 3452 1030 3536 AEgaeo,
1041 3466 1072 3514 et
1087 3451 1156 3516 haeo
1170 3467 1217 3516 est
1232 3452 1358 3517 Graecia

261 3553 432 3619 Strabonis.
478 3555 652 3630 Postremo,
668 3574 729 3615 non
753 3566 875 3616 tantum
899 3567 996 3617 terras
1017 3552 1101 3633 istas,
1120 3554 1174 3618 sed
1197 3569 1228 3617 et
1244 3554 1357 3618 Asiam

259 3656 420 3733 minorem,
440 3669 472 3719 et
495 3652 658 3717 nonnullas
681 3653 773 3718 etiam
799 3652 942 3717 Africani
969 3653 1081 3720 littoris
1104 3670 1218 3742 partes,
1239 3669 1269 3719 et
1288 3655 1358 3720 loca

258 3758 393 3844 denique
408 3757 521 3834 omnia,
537 3779 610 3842 quae
625 3755 729 3820 Graeci
743 3754 951 3833 incoluerunt,
965 3774 997 3821 et
1012 3755 1072 3821 hoc
1093 3779 1184 3821 sensu
1206 3773 1240 3821 ut
1259 3755 1359 3843 pluri-

258 3883 344 3924 mum
360 3859 445 3946 apud
461 3857 646 3946 posteriores
660 3873 706 3923 est
721 3872 882 3944 usurpata.
908 3859 1075 3922 STANL.

300 3962 345 4047 τε]
361 3966 413 4025 τοῦ
428 3962 477 4024 Μ.
493 3962 566 4023 Par.
583 3959 692 4023 Guelf.
704 3959 785 4037 Ald.
800 3960 883 4023 Rob.

302 4065 373 4147 256.
389 4061 491 4147 τήνδε]
510 4061 714 4126 Scribendnm
729 4061 915 4140 criscecum
933 4060 1078 4126 Stanleio.

302 4185 319 4228 2
321 4167 375 4250 58.
391 4166 473 4249 ὅρος]
489 4166 557 4246 ὄρος
571 4163 649 4227 Ald.

301 4286 373 4351 259.
396 4270 488 4330 τῶνδε
510 4267 581 4330 τᾶπὶ
602 4265 672 4329 τάδε
688 4266 854 4328 Canterus.
885 4270 977 4329 τῶνδε
1000 4268 1123 4332 τδπειτα
1146 4268 1179 4330 δὲ
1202 4268 1251 4332 Μ.
1268 4268 1354 4333 Rob.

259 4366 369 4453 Steph.
391 4366 484 4431 τῶνδέ
498 4369 524 4430 τ’
539 4367 604 4431 ἔπει
618 4365 688 4430 τάδε
703 4363 812 4430 Guelf.
842 4365 925 4430 τῶνδ’
942 4365 981 4429 ἔτ’
998 4367 1100 4432 ἔπειτα
1114 4371 1147 4431 δὲ
1161 4366 1240 4431 ΑΜ.
1269 4368 1355 4434 τῶνδ’

258 4467 298 4532 ἔτ’
314 4472 364 4534 ἐπὶ
378 4468 447 4533 τάδε
464 4470 568 4533 Turn.
595 4469 646 4532 ἐπὶ
659 4467 729 4533 τάδε
745 4481 895 4554 quattuor
915 4466 990 4533 locis
1013 4468 1160 4534 Isocratis
1175 4469 1354 4534 restitutum
