2984 5054
246 335 313 401 570
610 331 990 397 ANNOTATIONES

248 500 422 588 AEsuhylus
437 499 606 588 respexerit
621 498 662 564 ud
677 500 792 564 αοαὶας
805 508 835 564 et
849 500 978 564 inutiles
991 499 1113 578 herbae,
1125 520 1199 587 φναν
1212 519 1252 562 να
1262 497 1353 561 horto

247 612 437 692 egeruntm,
450 610 480 666 et
494 603 724 688 eurtirpuutur.
763 600 835 665 Hoc
854 600 935 665 enim
959 600 1116 666 interdum
1132 600 1248 665 dicitur
1262 602 1355 683 έκφο·

247 711 321 788 ρεῖυ.
359 703 578 769 Wakefieldus
600 702 789 786 ἐκφορωτέρα
810 702 914 767 reddit
935 704 1176 789 irfiuctuotior,
1192 727 1223 790 q.
1238 703 1270 766 d.
1292 701 1355 766 illis

248 806 345 871 facins
358 805 463 892 potius
477 827 611 871 vacuom
626 804 754 869 domum
770 828 866 892 quam
876 805 1016 893 plenum.
1061 805 1234 871 Enimvero
1248 804 1272 869 si
1293 804 1354 869 hoc

248 907 395 974 voluisset
407 908 590 996 AEschylus‚
606 913 667 976 τοῖς
682 913 868 988 δυσσεβοΰσι
882 907 1081 973 scribendum
1098 922 1174 972 erat.
1200 909 1301 972 SCH.

293 1031 367 1096 911.
384 1030 458 1095 912.
475 1011 571 1076 choro
585 1009 697 1075 tribuit
712 1010 794 1074 Rob.

292 1133 367 1199 911.
393 1112 615 1197 φιιυποιμένος]
632 1111 764 1176 Rectius
778 1114 999 1195 φιπιποίμενος.
1036 1114 1075 1178 V.
1092 1111 1232 1177 Lobeck.
1255 1114 1354 1177 Para·

250 1213 271 1280 li
299 1239 353 1302 .p.
370 1232 440 1300 195.

274 1239 479 1405 p913--·915.
495 1316 591 1384 choro
606 1315 718 1381 tribuit
732 1315 810 1381 Ald.

292 1439 367 1505 913.
389 1424 510 1485 rotatim
532 1420 639 1485 σοῦστι
659 1420 828 1483 Porsonus.
859 1424 981 1485 rotatim
995 1425 1052 1484 σοΰ
1066 1417 1127 1485 ’στι
1140 1419 1224 1484 Rob.
1242 1419 1352 1506 steph.

250 1527 387 1589 τοιοῦτος
410 1521 491 1586 οὗτοι
516 1519 592 1586 Ald.
624 1521 746 1586 τοιαῦτά
768 1520 797 1584 α’
813 1522 895 1587 οὗτοι
918 1520 1025 1588 Guelf.
1050 1523 1154 1588 Turn.
1186 1526 1309 1586 rotmiro
1323 1519 1352 1584 α’

254 1669 287 1689 ..
306 1670 315 1689 .
332 1625 428 1689 ,Pan

294 1740 369 1812 915.
384 1722 476 1810 τήνδ’]
492 1723 546 1804 τὴν
561 1724 671 1790 Guelf.
687 1724 766 1791 Ald.
778 1726 881 1790 Turn.

297 1825 696 1912 916-926=938—948.

296 1930 369 2015 918.
385 1948 460 2014 919.
483 1928 663 2015 pariterque
684 1947 759 2014 920.
774 1947 848 2013 921.
867 1927 1088 2015 conjungendi,
1103 1943 1135 1994 et
1154 1929 1187 1993 in
1208 1929 1353 1995 antistro

252 2032 632 2120 uh0940·941·e1942·
649 2049 723 2115 949·

295 2152 368 2219 920.
384 2133 571 2217 ῥυσίβωμον]
586 2135 753 2215 ρυσίβολον
768 2133 878 2197 Guelf.
895 2133 973 2198 Ald.
990 2135 1092 2198 Turn.

296 2253 370 2321 929μ
387 2237 577 2321 ἐπισσύτους]
597 2237 767 2302 έπισενιους
781 2234 862 2298 Aid.
877 2234 964 2299 unde
978 2237 1164 2303 έαιτεύκτους
1179 2236 1282 2299 Turn.

297 2355 371 2425 925.
387 2339 587 2426 έξαμβρέσαι]
604 2341 636 2419 if
651 2339 804 2420 ὰμβρόσαι
819 2338 904 2403 Rob.
928 2338 1039 2403 Lectio
1054 2338 1164 2403 vitiosa
1177 2337 1355 2403 infelicibus

253 2447 374 2508 tentata
395 2441 573 2507 criticorum
595 2440 792 2527 conjecturis,
814 2443 1010 2524 ἐξαμβρῦσαι,
1037 2445 1242 2523 έξαμβλῶσαι,
1267 2442 1356 2522 ἐξαμ-

253 2549 360 2627 φῦσαι.

297 2663 371 2731 929.
388 2645 649 2731 κατανασσαμένη]
665 2646 893 2727 κατανασαμένη
908 2647 989 2712 Ald.

297 2766 370 2834 932.
385 2749 520 2836 βαρέων]
538 2748 650 2813 Lectio
664 2747 786 2812 vitiosa.
825 2756 846 2788 “
860 2749 961 2813 Nobi·
982 2748 1176 2837 aptissimum
1190 2749 1291 2813 visum
1307 2763 1355 2812 est

254 2852 271 2913 ὁ
294 2851 326 2912 δὲ
347 2849 388 2930 μὴ
411 2851 520 2931 κύρσας
543 2848 646 2933 πρᾴων
668 2852 780 2916 τούτων
803 2874 963 2940 reponere.
1003 2855 1189 2940 Quicunque
1207 2873 1279 2917 veto
1296 2853 1355 2916 Ῑιας

253 2952 449 3015 Eumenides
459 2953 643 3036 uonfirerit
656 2963 805 3040 rupertus
820 2955 909 3019 mitet
923 2964 954 3020 et
967 2964 1160 3035 mansuetae,
1174 2956 1230 3020 ted
1247 2958 1355 3042 potius

254 3053 368 3131 iratur,
391 3066 448 3118 etc.
488 3053 626 3119 Omnino
648 3055 690 3119 ad
716 3054 934 3121 illustrandum
960 3057 989 3121 b.
1015 3057 1035 3123 l.
1060 3057 1259 3145 comparandi
1282 3074 1356 3122 sunt

255 3178 364 3221 versus
376 3158 578 3243 550-556.”
601 3159 702 3222 SCH.

298 3278 374 3345 934.
389 3260 587 3341 ἀπλακήματα
601 3261 759 3326 Fannius·
782 3263 1000 3346 ἀμπλακήματα
1015 3264 1096 3329 libri.

299 3382 339 3448 93
341 3383 372 3446 5.
388 3364 494 3449 σιγῶν]
512 3363 719 3429 Scribendum
735 3372 830 3447 σιγῶν
844 3365 869 3431 δ’
885 3390 956 3432 oum
974 3369 1160 3433 Hermanno
1173 3366 1357 3432 delendum-

255 3487 319 3552 que
333 3487 454 3530 comma
467 3481 539 3553 post
552 3468 679 3549 ὄλεθρος
691 3467 839 3554 positum.

300 3569 375 3653 936.
389 3567 468 3651 μέγα
483 3567 647 3654 φωνοῦντ’]
662 3571 860 3653 μεγαφιένους
874 3570 898 3635 r‘
915 3572 992 3636 Ald.
1020 3575 1227 3656 μεγαφῶνους,
1242 3571 1357 3638 omisso

259 3672 296 3752 τ’,
312 3671 416 3736 Turn.

300 3774 375 3858 938.
398 3772 620 3858 δενδροπήμων]
638 3774 765 3839 Nocens
785 3776 961 3854 arboribus,
977 3798 1028 3840 eas
1049 3777 1203 3859 ἆφύλλους
1223 3775 1358 3842 reddens

257 3887 289 3940 et
303 3874 460 3956 ἀκάρπους.
483 3874 672 3940 WAKEF.

301 3995 379 4060 939.
402 3975 480 4039 Post
504 3975 586 4059 λέγω
610 3998 732 4042 comma
757 3991 902 4064 ponatur.
939 3988 962 4019 “
976 3983 1043 4045 Τὸν
1065 3983 1140 4063 ἐμὸν
1165 3982 1254 4066 χάριν
1276 3982 1358 4066 λέγω

257 4074 334 4142 nihil
361 4074 447 4140 aliud
471 4091 518 4141 est
545 4100 641 4166 quam
661 4101 766 4168 pergo
789 4081 873 4144 euim
901 4081 1050 4169 beneficio
1078 4105 1148 4149 meo
1172 4087 1359 4150 enarrare.”

260 4178 359 4243 SCH.

301 4299 374 4364 940·
397 4283 535 4364 φλογμός
548 4281 574 4345 τ’
590 4283 693 4347 Turn.
710 4283 821 4370 steph.
854 4284 1005 4368 φλοιγμὸς
1018 4284 1089 4351 libri
1107 4286 1218 4374 reliqui
1239 4287 1305 4353 sine
1322 4290 1357 4352 τ’.

260 4381 466 4449 scribendum
480 4390 630 4468 φλογμοῖς
643 4387 712 4467 ὀμμ.
727 4406 800 4451 cum
816 4388 1009 4452 Hermanno.
