2984 5054
260 336 326 403 506
619 338 997 403 ANNOTATIONES

259 506 315 592 qui
331 508 389 571 άνα
402 527 462 592 pro
476 504 620 585 ἀνάστηθι
635 505 812 590 (ἀνάστητε)
829 507 965 594 positum
987 520 1070 570 recte
1085 505 1221 593 judicat,
1236 505 1358 571 confert

261 606 405 695 Sophocl.
422 608 477 694 Aj.
497 628 567 692 194.
581 607 669 671 Ἀλλ’
685 609 744 673 ἄνα
759 610 790 688 ἐξ
805 608 945 692 ἑδράνων.
979 607 1147 674 Particulae
1160 634 1197 691 γε
1209 610 1268 688 μὴν
1282 631 1355 673 cum

259 708 443 795 imperativo
464 723 547 774 recte
568 710 766 797 junguntur:
793 710 937 798 Sophocl.
959 710 1038 775 OEd.
1063 712 1101 774 C.
1120 711 1195 796 587.
1214 708 1296 791 Ὅρα
1319 736 1356 792 γε

258 811 325 892 μήν·
349 813 384 876 οὐ
398 813 520 893 σμικρὸς
541 812 595 876 οὖν
616 812 708 894 ἁγὼν
729 813 790 877 ὅδε.
837 814 918 876 Mox
931 812 1049 878 πολλὺν
1063 811 1142 876 Ald.
1173 811 1254 891 πλὴν
1270 812 1354 876 Rob.

259 914 436 980 BLOMF.
481 914 687 980 Scribendum
713 917 771 979 ἄνα
799 942 836 999 γε
860 919 920 995 μὰν
946 917 1029 995 δόμοι
1053 936 1125 979 cum
1156 913 1354 978 Blomfieldo.

258 1019 342 1099 δόμοι
358 1019 571 1082 Hermannus.

301 1123 375 1204 964.
398 1123 612 1202 χαμαιπετεῖσε
635 1118 728 1183 κεῖσθ’
743 1119 800 1192 ἀεὶ,
816 1115 893 1181 Αῖᾶζ
911 1117 995 1181 Rob.
1012 1117 1083 1200 (nisi
1097 1117 1185 1203 quod
1198 1116 1249 1181 bic
1265 1117 1352 1199 κεῖθ’)

257 1234 288 1284 et
300 1221 342 1285 sic
352 1223 401 1285 M.
414 1221 521 1285 Guelf.
537 1225 704 1304 χαμαιπετῆ
714 1247 752 1286 σε
764 1219 857 1286 κεῖσθ
870 1222 920 1286 aet
929 1223 1032 1286 Turn.
1046 1222 1156 1309 Steph.
1175 1222 1351 1287 BLOMF.

300 1320 363 1409 άεὶ]
380 1325 438 1388 αἰεὶ
453 1326 503 1388 Μ.
520 1323 627 1389 Guelf.

300 1428 375 1510 965.
396 1427 546 1505 παντελὴς
562 1427 681 1511 χρόνος]
710 1424 891 1503 Scholiasta,
914 1427 931 1488 ὁ
950 1423 1049 1489 πάντα
1073 1429 1169 1489 τελῶν
1189 1427 1298 1508 χρόνος
1314 1430 1354 1490 τά

255 1528 387 1608 πρόθυρα
400 1533 459 1591 τῶν
471 1532 559 1592 οἴκων
570 1527 696 1607 ἀλλάξει
707 1529 766 1593 ἀπὸ
779 1530 939 1610 κατηφείας
950 1529 992 1593 είς
1003 1529 1202 1609 λαμπρότητα.
1226 1528 1352 1610 ἀμείψε-

255 1653 320 1691 ται;
346 1628 562 1710 ἆλλαγήσεται·
587 1632 643 1713 οὐχ
657 1633 765 1711 ὁμοίως
785 1631 871 1695 ἔσται
886 1635 948 1697 τοῖς
961 1631 1062 1712 πράην
1077 1632 1111 1694 ἐν
1123 1631 1164 1714 τῷ
1175 1632 1244 1714 οἴκῳ
1258 1631 1349 1710 ἡμῶν.

257 1729 454 1794 Probabilior
473 1731 614 1797 Elmsleii
632 1732 808 1798 emendatio
824 1748 870 1797 est
884 1732 925 1797 ad
941 1731 1055 1819 Euiip.
1071 1731 1161 1797 Med.
1175 1748 1229 1818 50.
1243 1756 1350 1797 παντε-

254 1833 310 1911 λὴς
322 1835 423 1916 χορός.

298 1937 371 2018 966.
387 1937 472 2019 ὅταν]
491 1936 535 2000 ὅτ’
547 1936 585 2000 ἂν
600 1938 649 2002 Μ.
665 1935 744 2001 Ald.
760 1937 843 2001 Rob.

296 2034 362 2121 εἴφ’]
378 2036 450 2119 ἀμφ’
467 2039 518 2101 Μ.

295 2156 369 2239 967.
384 2156 478 2236 μύσος
493 2157 663 2220 Porsonus.
685 2161 779 2236 μῦσος
793 2158 897 2243 vulgo.

295 2290 406 2380 ἑλάνη]
418 2275 527 2362 θλάσεί1
545 2294 596 2358 Μ.

294 2412 367 2494 968.
385 2416 580 2493 καθαρμοῖσιν
595 2414 809 2478 Hermannus.
835 2417 994 2495 καθαρμοῖς
1007 2413 1088 2478 libri.

293 2530 368 2595 ἆτῖιν
384 2530 579 2595 Schuetzius.
617 2531 800 2619 Legebatur
814 2532 904 2597 άπαν.
936 2533 1084 2615 καθαρμὸς
1098 2534 1171 2601 άτας
1192 2536 1348 2619 ἐλαοῆριος

249 2632 423 2716 conjecerat
440 2632 605 2698 Stanleius.

294 2735 462 2819 ἑλατήριον]
481 2737 724 2822 Purgatort'ttm.
754 2735 911 2817 φάρμακον
925 2740 1109 2819 καθαρτικόν.
1146 2740 1288 2827 Hesych.
1303 2741 1347 2806 sic

249 2835 342 2899 etiam
366 2834 462 2899 schol.
507 2837 593 2901 Hine
619 2835 715 2901 herba
739 2837 895 2923 quaedam,
921 2838 1062 2904 cucumis
1083 2841 1223 2926 agrestis,
1251 2843 1346 2908 elate-

248 2935 330 2999 rium
353 2936 479 3015 dicitur,
494 2937 612 3002 obvim
635 2938 703 3024 ejus
722 2940 941 3027 purgatricem.
986 2939 1084 3006 Plura
1103 2943 1191 3008 dabit
1212 2945 1344 3010 Foesius.

250 3040 426 3106 BLOMF.

292 3143 366 3227 969.
389 3143 464 3228 τύχη
477 3141 501 3206 δ’
519 3143 775 3230 εὐπροσωποκοίτη
790 3146 1002 3209 Hermannus.
1031 3145 1146 3229 τόχαό
1162 3147 1343 3236 εὐπροσόπιρ

248 3244 330 3328 κοίτᾳ
344 3243 433 3308 libri:
457 3246 544 3331 quod
558 3245 634 3332 legit
645 3244 818 3324 scholiasta,
833 3248 852 3327 ἡ
867 3249 899 3310 δὲ
913 3249 987 3331 πθχη
1005 3251 1059 3311 νῦν
1074 3250 1109 3311 ἐν
1123 3248 1235 3335 εὐόπτφ
1251 3253 1299 3314 κοί
1333 3300 1343 3326 ,

246 3344 324 3409 τοῦτ’
341 3347 424 3411 ἔστιν
447 3349 481 3411 ἐν
502 3350 598 3431 άγαθῇ
621 3348 801 3413 καταστάσει
823 3349 896 3430 πρὸς
916 3349 950 3412 τὸ
972 3351 1046 3414 ἰδεῖν
1064 3353 1101 3415 τὰ
1123 3355 1177 3416 νῦν
1196 3356 1344 3436 γεγονότα

247 3450 295 3512 καὶ
311 3449 419 3530 ἑτέρων
432 3452 585 3532 λεγόντων
600 3452 735 3515 ἆκαῦσαι.
758 3450 904 3515 λείπειτὸ
919 3452 994 3516 ἐστί.

290 3582 364 3651 970.
381 3571 456 3632 ἰδεῖν
470 3569 595 3632 ἀκοῦσαι
610 3567 790 3653 θρεομένοις]
807 3566 917 3631 Lectio
932 3566 1052 3633 vitiosa.
1085 3572 1159 3634 ἰδεῖν
1172 3571 1343 3652 θρενμένοις

247 3668 457 3733 Hermannus.

287 3786 361 3853 971.
371 3771 502 3850 μέτοικοι
512 3773 609 3850 δόμον
620 3771 773 3858 Scaliger:
796 3771 881 3858 quod
894 3771 970 3858 legit
980 3771 1153 3852 scholiasta,
1163 3775 1192 3837 οῖ
1207 3780 1261 3838 νῖν
1274 3778 1342 3845 τοὺς

245 3872 351 3948 δόμους
365 3875 513 3939 οἰκοῦντες
526 3877 687 3937 πεσοῦνται
703 3876 745 3941 είς
758 3875 792 3937 τὸ
805 3874 933 3953 ἔμπαλιν
943 3878 993 3954 τῆς
1006 3876 1122 3956 πριότης
1135 3877 1234 3958 πίχης.
1255 3882 1341 3941 τοῦτο

244 3972 277 4034 δὲ
291 3971 350 4034 άπὸ
366 3978 425 4035 τῶν
440 3975 540 4053 κύβων
559 3974 718 4056 μετήγαγε.
740 3979 957 4056 μετοικοδόμων
976 3978 1026 4042 Μ.
1042 3977 1127 4042 Rob.
1144 3978 1253 4065 Steph.
1276 3979 1339 4060 μετ’

243 4074 405 4151 οἰκοδόμων
420 4074 528 4138 Guels.
542 4073 619 4138 Ald.
636 4077 738 4139 Turn.

286 4190 361 4260 972.
376 4175 457 4256 πάρα
473 4177 641 4240 Porsonus.
663 4181 744 4258 παρὰ
756 4177 864 4264 vulgo.

285 4292 358 4363 973.
385 4277 440 4357 τὴν
465 4281 573 4358 διπλῆν
598 4280 767 4365 τυραννίδα]
794 4280 1000 4367 Musgravius
1023 4282 1144 4346 confert
1170 4282 1340 4346 Libanium

240 4378 301 4445 vol.
329 4400 355 4443 1.
385 4402 416 4466 p.
443 4397 520 4463 507.
545 4382 584 4444 C.
615 4381 708 4445 άλλαι
737 4384 905 4464 τνραννῶες
930 4382 1053 4466 Ἐχετοι
1083 4385 1129 4447 καὶ
1158 4384 1339 4466 Φαλάριδες.
